@article{caballero2024interface,
  title={Interface dynamics of wet active systems},
  author={Caballero, Fernando and Maitra, Ananyo and Nardini, Cesare},
  journal={arXiv preprint arXiv:2409.02288},
  year={2024}
}
@article{shinozaki1993dispersion,
  title={Dispersion relation around a kink solution in binary fluids undergoing spinodal decomposition},
  author={Shinozaki, Aritomo},
  journal={Physical Review E},
  volume={48},
  number={3},
  pages={1984},
  year={1993},
  publisher={APS}
}
@book{ross1995stochastic,
  title={Stochastic processes},
  author={Ross, Sheldon M},
  year={1995},
  publisher={John Wiley \& Sons}
}

@book{goldenfeld2018lectures,
  title={Lectures on phase transitions and the renormalization group},
  author={Goldenfeld, Nigel},
  year={2018},
  publisher={CRC Press}
}

@article{willis2010thermal,
  title={Thermal capillary waves relaxing on atomically thin liquid films},
  author={Willis, AM and Freund, JB},
  journal={Physics of fluids},
  volume={22},
  number={2},
  year={2010},
  pages={022002},
  publisher={AIP Publishing}
}

@article{shang2011fluctuating,
  title={Fluctuating hydrodynamics for multiscale simulation of inhomogeneous fluids: Mapping all-atom molecular dynamics to capillary waves},
  author={Shang, Barry Z and Voulgarakis, Nikolaos K and Chu, Jhih-Wei},
  journal={The Journal of chemical physics},
  volume={135},
  number={4},
  pages={044111},
  year={2011},
  publisher={AIP Publishing}
}
@article{sussman2018soft,
  title={Soft yet sharp interfaces in a vertex model of confluent tissue},
  author={Sussman, Daniel M and Schwarz, JM and Marchetti, M Cristina and Manning, M Lisa},
  journal={Physical review letters},
  volume={120},
  number={5},
  pages={058001},
  year={2018},
  publisher={APS}
}
@article{lawson2024differences,
  title={Differences in boundary behavior in the 3D vertex and Voronoi models},
  author={Lawson-Keister, Elizabeth and Zhang, Tao and Nazari, Fatemeh and Fagotto, Fran{\c{c}}ois and Manning, M Lisa},
  journal={PLOS Computational Biology},
  volume={20},
  number={1},
  pages={e1011724},
  year={2024},
  publisher={Public Library of Science San Francisco, CA USA}
}
@article{sides1999capillary,
  title={Capillary waves at liquid-vapor interfaces: A molecular dynamics simulation},
  author={Sides, Scott W and Grest, Gary S and Lacasse, Martin-D},
  journal={Physical Review E},
  volume={60},
  number={6},
  pages={6708},
  year={1999},
  publisher={APS}
}
@article{amack2012knowing,
  title={Knowing the boundaries: extending the differential adhesion hypothesis in embryonic cell sorting},
  author={Amack, Jeffrey D and Manning, M Lisa},
  journal={Science},
  volume={338},
  number={6104},
  pages={212--215},
  year={2012},
  publisher={American Association for the Advancement of Science}
}

@book{rowlinson2013molecular,
  title={Molecular theory of capillarity},
  author={Rowlinson, John Shipley and Widom, Benjamin},
  year={2013},
  publisher={Courier Corporation}
}

@article{dahmann2011boundary,
  title={Boundary formation and maintenance in tissue development},
  author={Dahmann, Christian and Oates, Andrew C and Brand, Michael},
  journal={Nature Reviews Genetics},
  volume={12},
  number={1},
  pages={43--55},
  year={2011},
  publisher={Nature Publishing Group UK London}
}
@article{yang2020leader,
  title={Leader-cell-driven epithelial sheet fingering},
  author={Yang, Yanjun and Levine, Herbert},
  journal={Physical biology},
  volume={17},
  number={4},
  pages={046003},
  year={2020},
  publisher={IOP Publishing}
}
@article{pawlizak2015testing,
  title={Testing the differential adhesion hypothesis across the epithelial- mesenchymal transition},
  author={Pawlizak, Steve and Fritsch, Anatol W and Grosser, Steffen and Ahrens, Dave and Thalheim, Tobias and Riedel, Stefanie and Kie{\ss}ling, Tobias R and Oswald, Linda and Zink, Mareike and Manning, M Lisa and others},
  journal={New Journal of Physics},
  volume={17},
  number={8},
  pages={083049},
  year={2015},
  publisher={IOP Publishing}
}
@article{bi2016motility,
  title={Motility-driven glass and jamming transitions in biological tissues},
  author={Bi, Dapeng and Yang, Xingbo and Marchetti, M Cristina and Manning, M Lisa},
  journal={Physical Review X},
  volume={6},
  number={2},
  pages={021011},
  year={2016},
  publisher={APS}
}
@article{steinberg1962mechanism,
  title={On the mechanism of tissue reconstruction by dissociated cells, I. Population kinetics, differential adhesiveness, and the absence of directed migration},
  author={Steinberg, Malcolm S},
  journal={Proceedings of the National Academy of Sciences},
  volume={48},
  number={9},
  pages={1577--1582},
  year={1962},
  publisher={National Acad Sciences}
}
@article{steinberg2007differential,
  title={Differential adhesion in morphogenesis: a modern view},
  author={Steinberg, Malcolm S},
  journal={Current opinion in genetics \& development},
  volume={17},
  number={4},
  pages={281--286},
  year={2007},
  publisher={Elsevier}
}

@article{manning2010coaction,
  title={Coaction of intercellular adhesion and cortical tension specifies tissue surface tension},
  author={Manning, M Lisa and Foty, Ramsey A and Steinberg, Malcolm S and Schoetz, Eva-Maria},
  journal={Proceedings of the National Academy of Sciences},
  volume={107},
  number={28},
  pages={12517--12522},
  year={2010},
  publisher={National Acad Sciences}
}

@article{sussman2017cellgpu,
  title={cellGPU: Massively parallel simulations of dynamic vertex models},
  author={Sussman, Daniel M},
  journal={Computer Physics Communications},
  volume={219},
  pages={400--406},
  year={2017},
  publisher={Elsevier}
}
@article{bi2015density,
  title={A density-independent rigidity transition in biological tissues},
  author={Bi, Dapeng and Lopez, JH and Schwarz, Jennifer M and Manning, M Lisa},
  journal={Nature Physics},
  volume={11},
  number={12},
  pages={1074--1079},
  year={2015},
  publisher={Nature Publishing Group UK London}
}

@article{yue2024coalescing,
  title={Coalescing clusters unveil regimes of frictional fluid mechanics},
  author={Yue, Haicen and Burton, Justin C and Sussman, Daniel M},
  journal={Physical Review Research},
  volume={6},
  number={2},
  pages={023115},
  year={2024},
  publisher={APS}
}

@article{guan2023interfacial,
  title={Interfacial organization and forces arising from epithelial--cancerous monolayer interactions},
  author={Guan, Liu-Yuan and Lin, Shao-Zhen and Chen, Peng-Cheng and Lv, Jian-Qing and Li, Bo and Feng, Xi-Qiao},
  journal={ACS nano},
  volume={17},
  number={24},
  pages={24668--24684},
  year={2023},
  publisher={ACS Publications}
}
@article{jacinto2000dynamic,
  title={Dynamic actin-based epithelial adhesion and cell matching during Drosophila dorsal closure},
  author={Jacinto, Antonio and Wood, William and Balayo, Tina and Turmaine, Mark and Martinez-Arias, Alfonso and Martin, Paul},
  journal={Current Biology},
  volume={10},
  number={22},
  pages={1420--1426},
  year={2000},
  publisher={Elsevier}
}

@article{heinrich2022self,
  title={Self-assembly of tessellated tissue sheets by expansion and collision},
  author={Heinrich, Matthew A and Alert, Ricard and Wolf, Abraham E and Ko{\v{s}}mrlj, Andrej and Cohen, Daniel J},
  journal={Nature communications},
  volume={13},
  number={1},
  pages={4026},
  year={2022},
  publisher={Nature Publishing Group UK London}
}
@article{landsberg2009increased,
  title={Increased cell bond tension governs cell sorting at the Drosophila anteroposterior compartment boundary},
  author={Landsberg, Katharina P and Farhadifar, Reza and Ranft, Jonas and Umetsu, Daiki and Widmann, Thomas J and Bittig, Thomas and Said, Amani and J{\"u}licher, Frank and Dahmann, Christian},
  journal={Current Biology},
  volume={19},
  number={22},
  pages={1950--1955},
  year={2009},
  publisher={Elsevier}
}

@article{iijima2020differential,
  title={Differential cell adhesion implemented by Drosophila Toll corrects local distortions of the anterior-posterior compartment boundary},
  author={Iijima, Norihiro and Sato, Katsuhiko and Kuranaga, Erina and Umetsu, Daiki},
  journal={Nature Communications},
  volume={11},
  number={1},
  pages={6320},
  year={2020},
  publisher={Nature Publishing Group UK London}
}

@article{martinez2022morphological,
  title={Morphological instability and roughening of growing 3D bacterial colonies},
  author={Mart{\'\i}nez-Calvo, Alejandro and Bhattacharjee, Tapomoy and Bay, R K{\=o}nane and Luu, Hao Nghi and Hancock, Anna M and Wingreen, Ned S and Datta, Sujit S},
  journal={Proceedings of the National Academy of Sciences},
  volume={119},
  number={43},
  pages={e2208019119},
  year={2022},
  publisher={National Acad Sciences}
}

@article{del2019interface,
  title={Interface height fluctuations and surface tension of driven liquids with time-dependent dynamics},
  author={Del Junco, Clara and Vaikuntanathan, Suriyanarayanan},
  journal={The Journal of Chemical Physics},
  volume={150},
  pages={094708},
  number={9},
  year={2019},
  publisher={AIP Publishing}
}

@article{sussman2018no,
  title={No unjamming transition in a Voronoi model of biological tissue},
  author={Sussman, Daniel M and Merkel, Matthias},
  journal={Soft matter},
  volume={14},
  number={17},
  pages={3397--3403},
  year={2018},
  publisher={Royal Society of Chemistry}
}

@article{sahu2021geometric,
  title={Geometric signatures of tissue surface tension in a three-dimensional model of confluent tissue},
  author={Sahu, Preeti and Schwarz, JM and Manning, M Lisa},
  journal={New Journal of Physics},
  volume={23},
  number={9},
  pages={093043},
  year={2021},
  publisher={IOP Publishing}
}

@article{yanagida2022cell,
  title={Cell surface fluctuations regulate early embryonic lineage sorting},
  author={Yanagida, Ayaka and Corujo-Simon, Elena and Revell, Christopher K and Sahu, Preeti and Stirparo, Giuliano G and Aspalter, Irene M and Winkel, Alex K and Peters, Ruby and De Belly, Henry and Cassani, Davide AD and others},
  journal={Cell},
  volume={185},
  number={5},
  pages={777--793},
  year={2022},
  publisher={Elsevier}
}

@article{honda1983geometrical,
  title={Geometrical models for cells in tissues},
  author={Honda, Hisao},
  journal={International review of cytology},
  volume={81},
  pages={191--248},
  year={1983},
  publisher={Elsevier}
}

@article{alt2017vertex,
  title={Vertex models: from cell mechanics to tissue morphogenesis},
  author={Alt, Silvanus and Ganguly, Poulami and Salbreux, Guillaume},
  journal={Philosophical Transactions of the Royal Society B: Biological Sciences},
  volume={372},
  number={1720},
  pages={20150520},
  year={2017},
  publisher={The Royal Society}
}

@book{kardar2007statistical,
  title={Statistical physics of fields},
  author={Kardar, Mehran},
  year={2007},
  publisher={Cambridge University Press}
}

@article{yan2019multicellular,
  title={Multicellular rosettes drive fluid-solid transition in epithelial tissues},
  author={Yan, Le and Bi, Dapeng},
  journal={Physical Review X},
  volume={9},
  number={1},
  pages={011029},
  year={2019},
  publisher={APS}
}

@article{wiseman1977can,
  title={Can the differential adhesion hypothesis explain how an aggregate of strongly cohesive cells can be penetrated by more weakly cohesive cells?},
  author={Wiseman, Lawrence L},
  journal={Developmental Biology},
  volume={58},
  number={1},
  pages={204--211},
  year={1977},
  publisher={Elsevier}
}

@article{youssef2011quantification,
  title={Quantification of the forces driving self-assembly of three-dimensional microtissues},
  author={Youssef, Jacquelyn and Nurse, Asha K and Freund, LB and Morgan, Jeffrey R},
  journal={Proceedings of the National Academy of Sciences},
  volume={108},
  number={17},
  pages={6993--6998},
  year={2011},
  publisher={National Acad Sciences}
}

@article{krieg2008tensile,
  title={Tensile forces govern germ-layer organization in zebrafish},
  author={Krieg, Michael and Arboleda-Estudillo, Yohanna and Puech, P-H and K{\"a}fer, Jos and Graner, Fran{\c{c}}ois and M{\"u}ller, DJ and Heisenberg, C-P},
  journal={Nature cell biology},
  volume={10},
  number={4},
  pages={429--436},
  year={2008},
  publisher={Nature Publishing Group UK London}
}

@article{brodland2002differential,
  title={The differential interfacial tension hypothesis (DITH): a comprehensive theory for the self-rearrangement of embryonic cells and tissues},
  author={Brodland, G Wayne},
  journal={J. Biomech. Eng.},
  volume={124},
  number={2},
  pages={188--197},
  year={2002},
  publisher={American Society of Mechanical Engineers}
}

@article{ninomiya2012cadherin,
  title={Cadherin-dependent differential cell adhesion in Xenopus causes cell sorting in vitro but not in the embryo},
  author={Ninomiya, Hiromasa and David, Robert and Damm, Erich W and Fagotto, Francois and Niessen, Carien M and Winklbauer, Rudolf},
  journal={Journal of Cell Science},
  volume={125},
  number={8},
  pages={1877--1883},
  year={2012},
  publisher={Company of Biologists}
}

@article{monier2010actomyosin,
  title={An actomyosin-based barrier inhibits cell mixing at compartmental boundaries in Drosophila embryos},
  author={Monier, Bruno and P{\'e}lissier-Monier, Anne and Brand, Andrea H and Sanson, B{\'e}n{\'e}dicte},
  journal={Nature cell biology},
  volume={12},
  number={1},
  pages={60--65},
  year={2010},
  publisher={Nature Publishing Group UK London}
}

@inproceedings{zhang2021mechanical,
  title={Mechanical processes underlying precise and robust cell matching},
  author={Zhang, Shaobo and Saunders, Timothy},
  booktitle={Seminars in Cell \& Developmental Biology},
  volume={120},
  pages={75--84},
  year={2021},
  organization={Elsevier}
}

@article{besse2023interface,
  title={Interface roughening in nonequilibrium phase-separated systems},
  author={Besse, Marc and Fausti, Giordano and Cates, Michael E and Delamotte, Bertrand and Nardini, Cesare},
  journal={Physical Review Letters},
  volume={130},
  number={18},
  pages={187102},
  year={2023},
  publisher={APS}
}
@article{bray2001interface,
  title={Interface fluctuations, Burgers equations, and coarsening under shear},
  author={Bray, Alan J and Cavagna, Andrea and Travasso, Rui DM},
  journal={Physical Review E},
  volume={65},
  number={1},
  pages={016104},
  year={2001},
  publisher={APS}
}

@article{fausti2021capillary,
  title={Capillary interfacial tension in active phase separation},
  author={Fausti, Giordano and Tjhung, Elsen and Cates, ME and Nardini, Cesare},
  journal={Physical review letters},
  volume={127},
  number={6},
  pages={068001},
  year={2021},
  publisher={APS}
}
@article{boromand2018jamming,
  title={Jamming of deformable polygons},
  author={Boromand, Arman and Signoriello, Alexandra and Ye, Fangfu and O’Hern, Corey S and Shattuck, Mark D},
  journal={Physical review letters},
  volume={121},
  number={24},
  pages={248003},
  year={2018},
  publisher={APS}
}
