@article{lemaitre2006sum,
  title={Sum rules for the quasi-static and visco-elastic response of disordered solids at zero temperature},
  author={Lema{\^\i}tre, Ana{\"e}l and Maloney, Craig},
  journal={Journal of statistical physics},
  volume={123},
  pages={415--453},
  year={2006},
  publisher={Springer}
}
@article{zaccone2011approximate,
  title={Approximate analytical description of the nonaffine response of amorphous solids},
  author={Zaccone, Alessio and Scossa-Romano, Enzo},
  journal={Physical Review Bâ€”Condensed Matter and Materials Physics},
  volume={83},
  number={18},
  pages={184205},
  year={2011},
  publisher={APS}
}
@article{vivek2017long,
  title={Long-wavelength fluctuations and the glass transition in two dimensions and three dimensions},
  author={Vivek, Skanda and Kelleher, Colm P and Chaikin, Paul M and Weeks, Eric R},
  journal={Proceedings of the National Academy of Sciences},
  volume={114},
  number={8},
  pages={1850--1855},
  year={2017},
  publisher={National Acad Sciences}
}
@article{lu2009correlation,
  title={The correlation between shear elastic modulus and glass transition temperature of bulk metallic glasses},
  author={Lu, Zhibin and Li, Jiangong and Shao, Hang and Gleiter, H and Ni, Xia},
  journal={Applied Physics Letters},
  volume={94},
  number={9},
  year={2009},
  publisher={AIP Publishing}
}
@article{illing2017mermin,
  title={Mermin--Wagner fluctuations in 2D amorphous solids},
  author={Illing, Bernd and Fritschi, Sebastian and Kaiser, Herbert and Klix, Christian L and Maret, Georg and Keim, Peter},
  journal={Proceedings of the National Academy of Sciences},
  volume={114},
  number={8},
  pages={1856--1861},
  year={2017},
  publisher={National Acad Sciences}
}
@article{tang2022collective,
  title={Collective curvature sensing and fluidity in three-dimensional multicellular systems},
  author={Tang, Wenhui and Das, Amit and Pegoraro, Adrian F and Han, Yu Long and Huang, Jessie and Roberts, David A and Yang, Haiqian and Fredberg, Jeffrey J and Kotton, Darrell N and Bi, Dapeng and others},
  journal={Nature Physics},
  volume={18},
  number={11},
  pages={1371--1378},
  year={2022},
  publisher={Nature Publishing Group UK London}
}
@article{honda1983geometrical,
  title={Geometrical models for cells in tissues},
  author={Honda, Hisao},
  journal={International review of cytology},
  volume={81},
  pages={191--248},
  year={1983},
  publisher={Elsevier}
}
@article{chen2024field,
  title={Field theory for mechanical criticality in disordered fiber networks},
  author={Chen, Sihan and Markovich, Tomer and MacKintosh, Fred C},
  journal={Physical Review Letters},
  volume={133},
  number={2},
  pages={028201},
  year={2024},
  publisher={APS}
}
@article{duclut2021nonlinear,
  title={Nonlinear rheology of cellular networks},
  author={Duclut, Charlie and Paijmans, Joris and Inamdar, Mandar M and Modes, Carl D and J{\"u}licher, Frank},
  journal={Cells \& development},
  volume={168},
  pages={203746},
  year={2021},
  publisher={Elsevier}
}
@article{broedersz2011criticality,
  title={Criticality and isostaticity in fibre networks},
  author={Broedersz, Chase P and Mao, Xiaoming and Lubensky, Tom C and MacKintosh, Frederick C},
  journal={Nature Physics},
  volume={7},
  number={12},
  pages={983--988},
  year={2011},
  publisher={Nature Publishing Group UK London}
}
@article{tong2022linear,
  title={Linear viscoelastic properties of the vertex model for epithelial tissues},
  author={Tong, Sijie and Singh, Navreeta K and Sknepnek, Rastko and Ko{\v{s}}mrlj, Andrej},
  journal={PLoS computational biology},
  volume={18},
  number={5},
  pages={e1010135},
  year={2022},
  publisher={Public Library of Science San Francisco, CA USA}
}
@article{ramirez2010efficient,
  title={Efficient on the fly calculation of time correlation functions in computer simulations},
  author={Ram{\'\i}rez, Jorge and Sukumaran, Sathish K and Vorselaars, Bart and Likhtman, Alexei E},
  journal={The Journal of chemical physics},
  volume={133},
  number={15},
  year={2010},
  publisher={AIP Publishing}
}
@article{kim2018universal,
  title={Universal features of metastable state energies in cellular matter},
  author={Kim, Sangwoo and Wang, Yiliang and Hilgenfeldt, Sascha},
  journal={Physical review letters},
  volume={120},
  number={24},
  pages={248001},
  year={2018},
  publisher={APS}
}
@article{sussman2017cellgpu,
  title={cellGPU: Massively parallel simulations of dynamic vertex models},
  author={Sussman, Daniel M},
  journal={Computer Physics Communications},
  volume={219},
  pages={400--406},
  year={2017},
  publisher={Elsevier}
}
@article{palmer2021stress,
  title={Stress ball morphogenesis: How the lizard builds its lung},
  author={Palmer, Michael A and Nerger, Bryan A and Goodwin, Katharine and Sudhakar, Anvitha and Lemke, Sandra B and Ravindran, Pavithran T and Toettcher, Jared E and Ko{\v{s}}mrlj, Andrej and Nelson, Celeste M},
  journal={Science Advances},
  volume={7},
  number={52},
  pages={eabk0161},
  year={2021},
  publisher={American Association for the Advancement of Science}
}
@article{devany2021cell,
  title={Cell cycle--dependent active stress drives epithelia remodeling},
  author={Devany, John and Sussman, Daniel M and Yamamoto, Takaki and Manning, M Lisa and Gardel, Margaret L},
  journal={Proceedings of the National Academy of Sciences},
  volume={118},
  number={10},
  pages={e1917853118},
  year={2021},
  publisher={National Acad Sciences}
}
@article{angelini2011glass,
  title={Glass-like dynamics of collective cell migration},
  author={Angelini, Thomas E and Hannezo, Edouard and Trepat, Xavier and Marquez, Manuel and Fredberg, Jeffrey J and Weitz, David A},
  journal={Proceedings of the National Academy of Sciences},
  volume={108},
  number={12},
  pages={4714--4719},
  year={2011},
  publisher={National Acad Sciences}
}
@article{lubensky2015phonons,
  title={Phonons and elasticity in critically coordinated lattices},
  author={Lubensky, TC and Kane, CL and Mao, Xiaoming and Souslov, Anton and Sun, Kai},
  journal={Reports on Progress in Physics},
  volume={78},
  number={7},
  pages={073901},
  year={2015},
  publisher={IOP Publishing}
}
@article{li2021softness,
  title={Softness, anomalous dynamics, and fractal-like energy landscape in model cell tissues},
  author={Li, Yan-Wei and Wei, Leon Loh Yeong and Paoluzzi, Matteo and Ciamarra, Massimo Pica},
  journal={Physical Review E},
  volume={103},
  number={2},
  pages={022607},
  year={2021},
  publisher={APS}
}
@article{ediger1996supercooled,
  title={Supercooled liquids and glasses},
  author={Ediger, Mark D and Angell, C Austen and Nagel, Sidney R},
  journal={The journal of physical chemistry},
  volume={100},
  number={31},
  pages={13200--13212},
  year={1996},
  publisher={ACS Publications}
}
@article{Pinto2022,
  title = {Hierarchical structure of the energy landscape in the Voronoi model of dense tissue},
  author = {Pinto, Diogo E. P. and Sussman, Daniel M. and Telo da Gama, Margarida M. and Ara\'ujo, Nuno A. M.},
  journal = {Phys. Rev. Res.},
  volume = {4},
  issue = {2},
  pages = {023187},
  numpages = {7},
  year = {2022},
  month = {Jun},
  publisher = {American Physical Society},
  doi = {10.1103/PhysRevResearch.4.023187},
  url = {https://link.aps.org/doi/10.1103/PhysRevResearch.4.023187}
}
@article{alt2017vertex,
  title={Vertex models: from cell mechanics to tissue morphogenesis},
  author={Alt, Silvanus and Ganguly, Poulami and Salbreux, Guillaume},
  journal={Philosophical Transactions of the Royal Society B: Biological Sciences},
  volume={372},
  number={1720},
  pages={20150520},
  year={2017},
  publisher={The Royal Society}
}
@article{goodwin2019smooth,
  title={Smooth muscle differentiation shapes domain branches during mouse lung development},
  author={Goodwin, Katharine and Mao, Sheng and Guyomar, Tristan and Miller, Erin and Radisky, Derek C and Ko{\v{s}}mrlj, Andrej and Nelson, Celeste M},
  journal={Development},
  volume={146},
  number={22},
  pages={dev181172},
  year={2019},
  publisher={The Company of Biologists Ltd}
}
@article{sadati2013collective,
  title={Collective migration and cell jamming},
  author={Sadati, Monirosadat and Qazvini, Nader Taheri and Krishnan, Ramaswamy and Park, Chan Young and Fredberg, Jeffrey J},
  journal={Differentiation},
  volume={86},
  number={3},
  pages={121--125},
  year={2013},
  publisher={Elsevier}
}

@article{park2016collective,
  title={Collective migration and cell jamming in asthma, cancer and development},
  author={Park, Jin-Ah and Atia, Lior and Mitchel, Jennifer A and Fredberg, Jeffrey J and Butler, James P},
  journal={Journal of cell science},
  volume={129},
  number={18},
  pages={3375--3383},
  year={2016},
  publisher={The Company of Biologists Ltd}
}
@article{grosser2021cell,
  title={Cell and nucleus shape as an indicator of tissue fluidity in carcinoma},
  author={Grosser, Steffen and Lippoldt, J{\"u}rgen and Oswald, Linda and Merkel, Matthias and Sussman, Daniel M and Renner, Fr{\'e}d{\'e}ric and Gottheil, Pablo and Morawetz, Erik W and Fuhs, Thomas and Xie, Xiaofan and others},
  journal={Physical Review X},
  volume={11},
  number={1},
  pages={011033},
  year={2021},
  publisher={APS}
}
@article{oswald2017jamming,
  title={Jamming transitions in cancer},
  author={Oswald, Linda and Grosser, Steffen and Smith, David M and K{\"a}s, Josef A},
  journal={Journal of physics D: Applied physics},
  volume={50},
  number={48},
  pages={483001},
  year={2017},
  publisher={IOP Publishing}
}

@article{haase2015investigating,
  title={Investigating cell mechanics with atomic force microscopy},
  author={Haase, Kristina and Pelling, Andrew E},
  journal={Journal of The Royal Society Interface},
  volume={12},
  number={104},
  pages={20140970},
  year={2015},
  publisher={The Royal Society}
}

@article{kollmannsberger2011linear,
  title={Linear and nonlinear rheology of living cells},
  author={Kollmannsberger, Philip and Fabry, Ben},
  journal={Annual review of materials research},
  volume={41},
  number={1},
  pages={75--97},
  year={2011},
  publisher={Annual Reviews}
}

@article{du2005force,
  title={Force mapping in epithelial cell migration},
  author={Du Roure, Olivia and Saez, Alexandre and Buguin, Axel and Austin, Robert H and Chavrier, Philippe and Siberzan, Pascal and Ladoux, Benoit},
  journal={Proceedings of the National Academy of Sciences},
  volume={102},
  number={7},
  pages={2390--2395},
  year={2005},
  publisher={National Acad Sciences}
}

@article{mertz2013cadherin,
  title={Cadherin-based intercellular adhesions organize epithelial cell--matrix traction forces},
  author={Mertz, Aaron F and Che, Yonglu and Banerjee, Shiladitya and Goldstein, Jill M and Rosowski, Kathryn A and Revilla, Stephen F and Niessen, Carien M and Marchetti, M Cristina and Dufresne, Eric R and Horsley, Valerie},
  journal={Proceedings of the National Academy of Sciences},
  volume={110},
  number={3},
  pages={842--847},
  year={2013},
  publisher={National Acad Sciences}
}

@article{mertz2012scaling,
  title={Scaling of traction forces with the size of cohesive cell colonies},
  author={Mertz, Aaron F and Banerjee, Shiladitya and Che, Yonglu and German, Guy K and Xu, Ye and Hyland, Callen and Marchetti, M Cristina and Horsley, Valerie and Dufresne, Eric R},
  journal={Physical review letters},
  volume={108},
  number={19},
  pages={198101},
  year={2012},
  publisher={APS}
}

@article{nelson2005emergent,
  title={Emergent patterns of growth controlled by multicellular form and mechanics},
  author={Nelson, Celeste M and Jean, Ronald P and Tan, John L and Liu, Wendy F and Sniadecki, Nathan J and Spector, Alexander A and Chen, Christopher S},
  journal={Proceedings of the National Academy of Sciences},
  volume={102},
  number={33},
  pages={11594--11599},
  year={2005},
  publisher={National Acad Sciences}
}

@article{park2015unjamming,
  title={Unjamming and cell shape in the asthmatic airway epithelium},
  author={Park, Jin-Ah and Kim, Jae Hun and Bi, Dapeng and Mitchel, Jennifer A and Qazvini, Nader Taheri and Tantisira, Kelan and Park, Chan Young and McGill, Maureen and Kim, Sae-Hoon and Gweon, Bomi and others},
  journal={Nature materials},
  volume={14},
  number={10},
  pages={1040--1048},
  year={2015},
  publisher={Nature Publishing Group UK London}
}
@article{garcia2015physics,
  title={Physics of active jamming during collective cellular motion in a monolayer},
  author={Garcia, Simon and Hannezo, Edouard and Elgeti, Jens and Joanny, Jean-Fran{\c{c}}ois and Silberzan, Pascal and Gov, Nir S},
  journal={Proceedings of the National Academy of Sciences},
  volume={112},
  number={50},
  pages={15314--15319},
  year={2015},
  publisher={National Acad Sciences}
}
@article{atia2018geometric,
  title={Geometric constraints during epithelial jamming},
  author={Atia, Lior and Bi, Dapeng and Sharma, Yasha and Mitchel, Jennifer A and Gweon, Bomi and A. Koehler, Stephan and DeCamp, Stephen J and Lan, Bo and Kim, Jae Hun and Hirsch, Rebecca and others},
  journal={Nature physics},
  volume={14},
  number={6},
  pages={613--620},
  year={2018},
  publisher={Nature Publishing Group UK London}
}

@article{schoetz2013glassy,
  title={Glassy dynamics in three-dimensional embryonic tissues},
  author={Schoetz, Eva-Maria and Lanio, Marcos and Talbot, Jared A and Manning, M Lisa},
  journal={Journal of The Royal Society Interface},
  volume={10},
  number={89},
  pages={20130726},
  year={2013},
  publisher={The Royal Society}
}

@article{malinverno2017endocytic,
  title={Endocytic reawakening of motility in jammed epithelia},
  author={Malinverno, Chiara and Corallino, Salvatore and Giavazzi, Fabio and Bergert, Martin and Li, Qingsen and Leoni, Marco and Disanza, Andrea and Frittoli, Emanuela and Oldani, Amanda and Martini, Emanuele and others},
  journal={Nature materials},
  volume={16},
  number={5},
  pages={587--596},
  year={2017},
  publisher={Nature Publishing Group UK London}
}

@article{bi2016motility,
  title={Motility-driven glass and jamming transitions in biological tissues},
  author={Bi, Dapeng and Yang, Xingbo and Marchetti, M Cristina and Manning, M Lisa},
  journal={Physical Review X},
  volume={6},
  number={2},
  pages={021011},
  year={2016},
  publisher={APS}
}

@article{sussman2018anomalous,
  title={Anomalous glassy dynamics in simple models of dense biological tissue},
  author={Sussman, Daniel M and Paoluzzi, M and Marchetti, M Cristina and Manning, M Lisa},
  journal={Europhysics Letters},
  volume={121},
  number={3},
  pages={36001},
  year={2018},
  publisher={IOP Publishing}
}

@article{merkel2018geometrically,
  title={A geometrically controlled rigidity transition in a model for confluent 3D tissues},
  author={Merkel, Matthias and Manning, M Lisa},
  journal={New Journal of Physics},
  volume={20},
  number={2},
  pages={022002},
  year={2018},
  publisher={IOP Publishing}
}

@article{bi2015density,
  title={A density-independent rigidity transition in biological tissues},
  author={Bi, Dapeng and Lopez, JH and Schwarz, Jennifer M and Manning, M Lisa},
  journal={Nature Physics},
  volume={11},
  number={12},
  pages={1074--1079},
  year={2015},
  publisher={Nature Publishing Group UK London}
}

@article{sussman2018no,
  title={No unjamming transition in a Voronoi model of biological tissue},
  author={Sussman, Daniel M and Merkel, Matthias},
  journal={Soft matter},
  volume={14},
  number={17},
  pages={3397--3403},
  year={2018},
  publisher={Royal Society of Chemistry}
}

@article{dyre2012instantaneous,
  title={The instantaneous shear modulus in the shoving model},
  author={Dyre, Jeppe C and Wang, Wei Hua},
  journal={The Journal of chemical physics},
  volume={136},
  number={22},
  year={2012},
  publisher={AIP Publishing}
}

@article{puosi2012communication,
  title={Communication: Correlation of the instantaneous and the intermediate-time elasticity with the structural relaxation in glassforming systems},
  author={Puosi, F and Leporini, Dino},
  journal={The Journal of chemical physics},
  volume={136},
  number={4},
  year={2012},
  publisher={AIP Publishing}
}

@article{martyna1996explicit,
  title={Explicit reversible integrators for extended systems dynamics},
  author={Martyna, Glenn J and Tuckerman, Mark E and Tobias, Douglas J and Klein, Michael L},
  journal={Molecular Physics},
  volume={87},
  number={5},
  pages={1117--1157},
  year={1996},
  publisher={Taylor \& Francis}
}
@book{frenkel2002understanding,
  title={Understanding molecular simulation: from algorithms to applications},
  author={Frenkel, Daan and Smit, Berend},
  volume={2},
  year={2002},
  publisher={Academic Press San Diego}
}

@article{farhadifar2007influence,
  title={The influence of cell mechanics, cell-cell interactions, and proliferation on epithelial packing},
  author={Farhadifar, Reza and R{\"o}per, Jens-Christian and Aigouy, Benoit and Eaton, Suzanne and J{\"u}licher, Frank},
  journal={Current biology},
  volume={17},
  number={24},
  pages={2095--2104},
  year={2007},
  publisher={Elsevier}
}

@book{hansen2013theory,
  title={Theory of simple liquids: with applications to soft matter},
  author={Hansen, Jean-Pierre and McDonald, Ian Ranald},
  year={2013},
  publisher={Academic press}
}
@article{zhuravlyov2023finite,
  title={Finite-size effects in the static structure factor S (k) and S (0) for a two-dimensional Yukawa liquid},
  author={Zhuravlyov, Vitaliy and Goree, J and Elvati, Paolo and Violi, Angela},
  journal={Physical Review E},
  volume={108},
  number={3},
  pages={035211},
  year={2023},
  publisher={APS}
}
@article{flenner2019viscoelastic,
  title={Viscoelastic shear stress relaxation in two-dimensional glass-forming liquids},
  author={Flenner, Elijah and Szamel, Grzegorz},
  journal={Proceedings of the National Academy of Sciences},
  volume={116},
  number={6},
  pages={2015--2020},
  year={2019},
  publisher={National Acad Sciences}
}

@article{vasilieva2021laser,
  title={Laser-induced melting of two-dimensional dusty plasma system in RF discharge},
  author={Vasilieva, EV and Petrov, OF and Vasiliev, MM},
  journal={Scientific Reports},
  volume={11},
  number={1},
  pages={523},
  year={2021},
  publisher={Nature Publishing Group UK London}
}

@article{li2018role,
  title={Role of cell deformability in the two-dimensional melting of biological tissues},
  author={Li, Yan-Wei and Ciamarra, Massimo Pica},
  journal={Physical Review Materials},
  volume={2},
  number={4},
  pages={045602},
  year={2018},
  publisher={APS}
}
@article{zhang2016finite,
  title={Finite-temperature mechanical instability in disordered lattices},
  author={Zhang, Leyou and Mao, Xiaoming},
  journal={Physical Review E},
  volume={93},
  number={2},
  pages={022110},
  year={2016},
  publisher={APS}
}
@article{mao2015mechanical,
  title={Mechanical instability at finite temperature},
  author={Mao, Xiaoming and Souslov, Anton and Mendoza, Carlos I and Lubensky, Tom C},
  journal={Nature communications},
  volume={6},
  number={1},
  pages={5968},
  year={2015},
  publisher={Nature Publishing Group UK London}
}
@article{yan2019multicellular,
  title={Multicellular rosettes drive fluid-solid transition in epithelial tissues},
  author={Yan, Le and Bi, Dapeng},
  journal={Physical Review X},
  volume={9},
  number={1},
  pages={011029},
  year={2019},
  publisher={APS}
}
@article{arzash2023mechanical,
  title={Mechanical criticality of fiber networks at a finite temperature},
  author={Arzash, Sadjad and Gannavarapu, Anupama and MacKintosh, Fred C},
  journal={Physical Review E},
  volume={108},
  number={5},
  pages={054403},
  year={2023},
  publisher={APS}
}
@article{lee2023generic,
  title={Generic elasticity of thermal, under-constrained systems},
  author={Lee, Cheng-Tai and Merkel, Matthias},
  journal={arXiv preprint arXiv:2304.07266},
  year={2023}
}
@article{lee2023partition,
  title={Partition sum of thermal, under-constrained systems},
  author={Lee, Cheng-Tai and Merkel, Matthias},
  journal={arXiv preprint arXiv:2304.07264},
  year={2023}
}
@article{Pandey2024,
	title = {The Structure-Dynamics Feedback Mechanism Governs the Glassy Dynamics in Epithelial Monolayers},
	author = {Pandey, Satyam and Kolya, Soumitra and Devendran, Padmashree and Sadhukhan, Souvik and Das, Tamal and Nandi, Saroj Kumar},
	journal={arXiv preprint arXiv:2306.07250},
	year = {2024},
}
@article{cavagna2009supercooled,
  title={Supercooled liquids for pedestrians},
  author={Cavagna, Andrea},
  journal={Physics Reports},
  volume={476},
  number={4-6},
  pages={51--124},
  year={2009},
  publisher={Elsevier}
}
@article{ciarella2019understanding,
  title={Understanding, predicting, and tuning the fragility of vitrimeric polymers},
  author={Ciarella, Simone and Biezemans, Rutger A and Janssen, Liesbeth MC},
  journal={Proceedings of the National Academy of Sciences},
  volume={116},
  number={50},
  pages={25013--25022},
  year={2019},
  publisher={National Acad Sciences}
}
@article{halperin1978theory,
  title={Theory of two-dimensional melting},
  author={Halperin, BI and Nelson, David R},
  journal={Physical Review Letters},
  volume={41},
  number={2},
  pages={121},
  year={1978},
  publisher={APS}
}
@article{Merkel2019,
  title = {A Minimal-Length Approach Unifies Rigidity in Underconstrained Materials},
  author = {Merkel, Matthias and Baumgarten, Karsten and Tighe, Brian P and Manning, M Lisa},
  year = {2019},
  journal = {Proceedings of the National Academy of Sciences},
  volume = {116},
  number = {14},
  pages = {6560--6568},
  issn = {0027-8424},
  doi = {10.1073/pnas.1815436116},
}
@article{Calladine1978,
  title = {Buckminster {{Fuller}}'s "{{Tensegrity}}" Structures and {{Clerk Maxwell}}'s Rules for the Construction of Stiff Frames},
  author = {Calladine, C. R.},
  year = {1978},
  journal = {International Journal of Solids and Structures},
  volume = {14},
  number = {2},
  pages = {161--172},
  publisher = {Pergamon Press},
  issn = {00207683},
  doi = {10.1016/0020-7683(78)90052-5},
  isbn = {00207683 (ISSN)},
}
@article{Maxwell1864,
  title = {On the Calculation of the Equilibrium and Stiffness of Frames},
  author = {Maxwell, James Clerk},
  year = {1864},
  journal = {Philosophical Magazine Series 4},
  volume = {27},
  number = {182},
  pages = {294--299}
}
@article{Germann2019,
  title = {Ya{\textbar}{\textbar}a: {{GPU-Powered Spheroid Models}} for {{Mesenchyme}} and {{Epithelium}}},
  author = {Germann, Philipp and {Marin-Riera}, Miquel and Sharpe, James},
  year = {2019},
  journal = {Cell Systems},
  volume = {8},
  number = {3},
  pages = {261-266.e3},
  issn = {24054720},
  doi = {10.1016/j.cels.2019.02.007},
  pmid = {30904379},
}
@article{Henkes2020,
  title = {Dense Active Matter Model of Motion Patterns in Confluent Cell Monolayers},
  author = {Henkes, Silke and Kostanjevec, Kaja and Collinson, J. Martin and Sknepnek, Rastko and Bertin, Eric},
  year = {2020},
  journal = {Nature Communications},
  volume = {11},
  number = {1},
  eprint = {1901.04763},
  pages = {1--9},
  publisher = {Springer US},
  issn = {20411723},
  doi = {10.1038/s41467-020-15164-5},
}

@article{li2019long,
  title={Long-wavelength fluctuations and anomalous dynamics in 2-dimensional liquids},
  author={Li, Yan-Wei and Mishra, Chandan K and Sun, Zhao-Yan and Zhao, Kun and Mason, Thomas G and Ganapathy, Rajesh and Pica Ciamarra, Massimo},
  journal={Proceedings of the National Academy of Sciences},
  volume={116},
  number={46},
  pages={22977--22982},
  year={2019},
  publisher={National Acad Sciences}
}
@article{Wang2020,
  title = {Anisotropy Links Cell Shapes to Tissue Flow during Convergent Extension},
  author = {Wang, Xun and Merkel, Matthias and Sutter, Leo B. and {Erdemci-Tandogan}, Gonca and Manning, M. Lisa and Kasza, Karen E.},
  year = {2020},
  month = jun,
  journal = {Proceedings of the National Academy of Sciences},
  volume = {117},
  number = {24},
  eprint = {2005.07283},
  pages = {13541--13551},
  issn = {0027-8424},
  doi = {10.1073/pnas.1916418117},
  archiveprefix = {arXiv},
  keywords = {own-publication},
}
