@software{sussman_2024_13646481,
  author       = {Sussman, Daniel M.},
  title        = {{sussmanLab/topologicalFlocking: topological 
                   Flocking code}},
  month        = sep,
  year         = 2024,
  publisher    = {Zenodo},
  version      = {1.1},
  doi          = {10.5281/zenodo.13646481},
  url          = {https://doi.org/10.5281/zenodo.13646481}
}
@article{binder1984finite,
  title={Finite-size scaling at first-order phase transitions},
  author={Landau, DP},
  journal={Physical Review B},
  volume={30},
  number={3},
  pages={1477},
  year={1984},
  publisher={APS}
}
@article{binder1981finite,
  title={Finite size scaling analysis of Ising model block distribution functions},
  author={Binder, Kurt},
  journal={Zeitschrift f{\"u}r Physik B Condensed Matter},
  volume={43},
  pages={119--140},
  year={1981},
  publisher={Springer}
}
@article{binder1992monte,
  title={Monte Carlo methods for first order phase transitions: some recent progress},
  author={Binder, Kurt and Vollmayr, Katharina and Deutsch, Hans-Peter and Reger, Joseph D and Scheucher, Manfred and Landau, David P},
  journal={International Journal of Modern Physics C},
  volume={3},
  number={05},
  pages={1025--1058},
  year={1992},
  publisher={World Scientific}
}
@article{binder1987theory,
  title={Theory of first-order phase transitions},
  author={Binder, Kurt},
  journal={Reports on progress in physics},
  volume={50},
  number={7},
  pages={783},
  year={1987},
  publisher={IOP Publishing}
}
@article{golden2023physically,
  title={Physically informed data-driven modeling of active nematics},
  author={Golden, Matthew and Grigoriev, Roman O and Nambisan, Jyothishraj and Fernandez-Nieves, Alberto},
  journal={Science Advances},
  volume={9},
  number={27},
  pages={eabq6120},
  year={2023},
  publisher={American Association for the Advancement of Science}
}
@article{gurevich2021learning,
  title={Learning fluid physics from highly turbulent data using sparse physics-informed discovery of empirical relations (SPIDER)},
  author={Gurevich, Daniel R and Golden, Matthew R and Reinbold, Patrick AK and Grigoriev, Roman O},
  journal={arXiv preprint arXiv:2105.00048},
  year={2021}
}
@article{toner2005hydrodynamics,
  title={Hydrodynamics and phases of flocks},
  author={Toner, John and Tu, Yuhai and Ramaswamy, Sriram},
  journal={Annals of Physics},
  volume={318},
  number={1},
  pages={170--244},
  year={2005},
  publisher={Elsevier}
}
@article{vicsek1995novel,
  title={Novel type of phase transition in a system of self-driven particles},
  author={Vicsek, Tam{\'a}s and Czir{\'o}k, Andr{\'a}s and Ben-Jacob, Eshel and Cohen, Inon and Shochet, Ofer},
  journal={Physical review letters},
  volume={75},
  number={6},
  pages={1226},
  year={1995},
  publisher={APS}
}

@article{bertin2006boltzmann,
  title={Boltzmann and hydrodynamic description for self-propelled particles},
  author={Bertin, Eric and Droz, Michel and Gr{\'e}goire, Guillaume},
  journal={Physical Review E},
  volume={74},
  number={2},
  pages={022101},
  year={2006},
  publisher={APS}
}
@article{grossmann2012active,
  title={Active Brownian particles with velocity-alignment and active fluctuations},
  author={Grossmann, Robert and Schimansky-Geier, Lutz and Romanczuk, Pawel},
  journal={New Journal of Physics},
  volume={14},
  number={7},
  pages={073033},
  year={2012},
  publisher={IOP Publishing}
}

@article{cavagna2018physics,
  title={The physics of flocking: Correlation as a compass from experiments to theory},
  author={Cavagna, Andrea and Giardina, Irene and Grigera, Tom{\'a}s S},
  journal={Physics Reports},
  volume={728},
  pages={1--62},
  year={2018},
  publisher={Elsevier}
}
@article{ballerini2008interaction,
  title={Interaction ruling animal collective behavior depends on topological rather than metric distance: Evidence from a field study},
  author={Ballerini, Michele and Cabibbo, Nicola and Candelier, Raphael and Cavagna, Andrea and Cisbani, Evaristo and Giardina, Irene and Lecomte, Vivien and Orlandi, Alberto and Parisi, Giorgio and Procaccini, Andrea and others},
  journal={Proceedings of the national academy of sciences},
  volume={105},
  number={4},
  pages={1232--1237},
  year={2008},
  publisher={National Acad Sciences}
}

@article{chate2008collective,
  title={Collective motion of self-propelled particles interacting without cohesion},
  author={Chat{\'e}, Hugues and Ginelli, Francesco and Gr{\'e}goire, Guillaume and Raynaud, Franck},
  journal={Physical Review E},
  volume={77},
  number={4},
  pages={046113},
  year={2008},
  publisher={APS}
}

@article{bazazi2008collective,
  title={Collective motion and cannibalism in locust migratory bands},
  author={Bazazi, Sepideh and Buhl, Jerome and Hale, Joseph J and Anstey, Michael L and Sword, Gregory A and Simpson, Stephen J and Couzin, Iain D},
  journal={Current biology},
  volume={18},
  number={10},
  pages={735--739},
  year={2008},
  publisher={Elsevier}
}

@article{cavagna2010scale,
  title={Scale-free correlations in starling flocks},
  author={Cavagna, Andrea and Cimarelli, Alessio and Giardina, Irene and Parisi, Giorgio and Santagati, Raffaele and Stefanini, Fabio and Viale, Massimiliano},
  journal={Proceedings of the National Academy of Sciences},
  volume={107},
  number={26},
  pages={11865--11870},
  year={2010},
  publisher={National Acad Sciences}
}

@article{ginelli2010relevance,
  title={Relevance of metric-free interactions in flocking phenomena},
  author={Ginelli, Francesco and Chat{\'e}, Hugues},
  journal={Physical review letters},
  volume={105},
  number={16},
  pages={168103},
  year={2010},
  publisher={APS}
}

@article{buhl2011group,
  title={Group structure in locust migratory bands},
  author={Buhl, Camille and Sword, Gregory A and Clissold, Fiona J and Simpson, Stephen J},
  journal={Behavioral ecology and sociobiology},
  volume={65},
  number={2},
  pages={265--273},
  year={2011},
  publisher={Springer}
}

@article{sumino2012large,
  title={Large-scale vortex lattice emerging from collectively moving microtubules},
  author={Sumino, Yutaka and Nagai, Ken H and Shitaka, Yuji and Tanaka, Dan and Yoshikawa, Kenichi and Chat{\'e}, Hugues and Oiwa, Kazuhiro},
  journal={Nature},
  volume={483},
  number={7390},
  pages={448--452},
  year={2012},
  publisher={Nature Publishing Group UK London}
}

@article{peshkov2012continuous,
  title={Continuous theory of active matter systems with metric-free interactions},
  author={Peshkov, Anton and Ngo, Sandrine and Bertin, Eric and Chat{\'e}, Hugues and Ginelli, Francesco},
  journal={Physical review letters},
  volume={109},
  number={9},
  pages={098101},
  year={2012},
  publisher={APS}
}

@article{chou2012kinetic,
  title={Kinetic theory for systems of self-propelled particles with metric-free interactions},
  author={Chou, Yen-Liang and Wolfe, Rylan and Ihle, Thomas},
  journal={Physical Review E},
  volume={86},
  number={2},
  pages={021120},
  year={2012},
  publisher={APS}
}

@article{marchetti2013hydrodynamics,
  title={Hydrodynamics of soft active matter},
  author={Marchetti, M Cristina and Joanny, Jean-Fran{\c{c}}ois and Ramaswamy, Sriram and Liverpool, Tanniemola B and Prost, Jacques and Rao, Madan and Simha, R Aditi},
  journal={Reviews of modern physics},
  volume={85},
  number={3},
  pages={1143--1189},
  year={2013},
  publisher={APS}
}

@article{bricard2013emergence,
  title={Emergence of macroscopic directed motion in populations of motile colloids},
  author={Bricard, Antoine and Caussin, Jean-Baptiste and Desreumaux, Nicolas and Dauchot, Olivier and Bartolo, Denis},
  journal={Nature},
  volume={503},
  number={7474},
  pages={95--98},
  year={2013},
  publisher={Nature Publishing Group UK London}
}

@article{peshkov2014boltzmann,
  title={Boltzmann-Ginzburg-Landau approach for continuous descriptions of generic Vicsek-like models},
  author={Peshkov, Anton and Bertin, Eric and Ginelli, Francesco and Chat{\'e}, Hugues},
  journal={The European Physical Journal Special Topics},
  volume={223},
  number={7},
  pages={1315--1344},
  year={2014},
  publisher={Springer}
}

@article{nagai2015collective,
  title={Collective motion of self-propelled particles with memory},
  author={Nagai, Ken H and Sumino, Yutaka and Montagne, Raul and Aranson, Igor S and Chat{\'e}, Hugues},
  journal={Physical review letters},
  volume={114},
  number={16},
  pages={168001},
  year={2015},
  publisher={APS}
}

@article{solon2015phase,
  title={From phase to microphase separation in flocking models: The essential role of nonequilibrium fluctuations},
  author={Solon, Alexandre P and Chat{\'e}, Hugues and Tailleur, Julien},
  journal={Physical review letters},
  volume={114},
  number={6},
  pages={068101},
  year={2015},
  publisher={APS}
}

@article{solon2015pattern,
  title={Pattern formation in flocking models: A hydrodynamic description},
  author={Solon, Alexandre P and Caussin, Jean-Baptiste and Bartolo, Denis and Chat{\'e}, Hugues and Tailleur, Julien},
  journal={Physical Review E},
  volume={92},
  number={6},
  pages={062111},
  year={2015},
  publisher={APS}
}

@article{martin2018collective,
  title={Collective motion of active Brownian particles with polar alignment},
  author={Mart{\'\i}n-G{\'o}mez, Aitor and Levis, Demian and D{\'\i}az-Guilera, Albert and Pagonabarraga, Ignacio},
  journal={Soft matter},
  volume={14},
  number={14},
  pages={2610--2618},
  year={2018},
  publisher={Royal Society of Chemistry}
}

@article{sussman2017cellgpu,
  title={cellGPU: Massively parallel simulations of dynamic vertex models},
  author={Sussman, Daniel M},
  journal={Computer Physics Communications},
  volume={219},
  pages={400--406},
  year={2017},
  publisher={Elsevier}
}
@article{sussman2021non,
  title={Non-metric interaction rules in models of active matter},
  author={Sussman, Daniel M},
  journal={arXiv preprint arXiv:2103.10239},
  year={2021}
}
@article{kursten2020dry,
  title={Dry active matter exhibits a self-organized cross sea phase},
  author={K{\"u}rsten, R{\"u}diger and Ihle, Thomas},
  journal={Physical Review Letters},
  volume={125},
  number={18},
  pages={188003},
  year={2020},
  publisher={APS}
}
@article{lopez2012behavioural,
  title={From behavioural analyses to models of collective motion in fish schools},
  author={Lopez, Ugo and Gautrais, Jacques and Couzin, Iain D and Theraulaz, Guy},
  journal={Interface focus},
  volume={2},
  number={6},
  pages={693--707},
  year={2012},
  publisher={The Royal Society}
}
@article{chen2017weak,
  title={Weak synchronization and large-scale collective oscillation in dense bacterial suspensions},
  author={Chen, Chong and Liu, Song and Shi, Xia-qing and Chat{\'e}, Hugues and Wu, Yilin},
  journal={Nature},
  volume={542},
  number={7640},
  pages={210--214},
  year={2017},
  publisher={Nature Publishing Group UK London}
}

@article{sugi2019c,
  title={C. elegans collectively forms dynamical networks},
  author={Sugi, Takuma and Ito, Hiroshi and Nishimura, Masaki and Nagai, Ken H},
  journal={Nature communications},
  volume={10},
  number={1},
  pages={683},
  year={2019},
  publisher={Nature Publishing Group UK London}
}

@article{binder2021phase,
  title={Phase transitions and phase coexistence: equilibrium systems versus externally driven or active systems-Some perspectives},
  author={Binder, Kurt and Virnau, Peter},
  journal={Soft Materials},
  volume={19},
  number={3},
  pages={267--285},
  year={2021},
  publisher={Taylor \& Francis}
}

@book{landau2021guide,
  title={A guide to Monte Carlo simulations in statistical physics},
  author={Landau, David and Binder, Kurt},
  year={2021},
  publisher={Cambridge university press}
}

@article{chepizhko2021revisiting,
  title={Revisiting the emergence of order in active matter},
  author={Chepizhko, Oleksandr and Saintillan, David and Peruani, Fernando},
  journal={Soft Matter},
  volume={17},
  number={11},
  pages={3113--3120},
  year={2021},
  publisher={Royal Society of Chemistry}
}

@article{zhao2021phases,
  title={Phases and homogeneous ordered states in alignment-based self-propelled particle models},
  author={Zhao, Yinong and Ihle, Thomas and Han, Zhangang and Huepe, Cristi{\'a}n and Romanczuk, Pawel},
  journal={Physical Review E},
  volume={104},
  number={4},
  pages={044605},
  year={2021},
  publisher={APS}
}

@article{martin2021fluctuation,
  title={Fluctuation-induced phase separation in metric and topological models of collective motion},
  author={Martin, David and Chat{\'e}, Hugues and Nardini, Cesare and Solon, Alexandre and Tailleur, Julien and Van Wijland, Fr{\'e}d{\'e}ric},
  journal={Physical Review Letters},
  volume={126},
  number={14},
  pages={148001},
  year={2021},
  publisher={APS}
}

@article{xu2024self,
  title={Self-enhanced mobility enables vortex pattern formation in living matter},
  author={Xu, Haoran and Wu, Yilin},
  journal={Nature},
  volume={627},
  number={8004},
  pages={553--558},
  year={2024},
  publisher={Nature Publishing Group UK London}
}

@article{karmakar2024consequence,
  title={Consequence of anisotropy on flocking: the discretized Vicsek model},
  author={Karmakar, Mintu and Chatterjee, Swarnajit and Paul, Raja and Rieger, Heiko},
  journal={New Journal of Physics},
  volume={26},
  number={4},
  pages={043023},
  year={2024},
  publisher={IOP Publishing}
}

@article{martin2024fluctuation,
  title={Fluctuation-Induced First Order Transition to Collective Motion},
  author={Martin, David and Spera, Gianmarco and Chat{\'e}, Hugues and Duclut, Charlie and Nardini, Cesare and Tailleur, Julien and van Wijland, Fr{\'e}d{\'e}ric},
  journal={arXiv preprint arXiv:2402.05078},
  year={2024}
}

@article{bhattacherjee2015topological,
  title={Topological-distance-dependent transition in flocks with binary interactions},
  author={Bhattacherjee, Biplab and Mishra, Shradha and Manna, SS},
  journal={Physical Review E},
  volume={92},
  number={6},
  pages={062134},
  year={2015},
  publisher={APS}
}

@article{schubring2013density,
  title={Density-independent model of self-propelled particles},
  author={Schubring, Daniel and Ohmann, Paul R},
  journal={Physical Review E—Statistical, Nonlinear, and Soft Matter Physics},
  volume={88},
  number={3},
  pages={032108},
  year={2013},
  publisher={APS}
}

@article{rahmani2021topological,
  title={Topological flocking models in spatially heterogeneous environments},
  author={Rahmani, Parisa and Peruani, Fernando and Romanczuk, Pawel},
  journal={Communications Physics},
  volume={4},
  number={1},
  pages={206},
  year={2021},
  publisher={Nature Publishing Group UK London}
}

@article{zhang2023enhancing,
  title={Enhancing synchronization of self-propelled particles via modified rule of fixed number of neighbors},
  author={Zhang, Xiangyin and Fan, Suyao and Wu, Weihuan},
  journal={Physica A: Statistical Mechanics and its Applications},
  volume={629},
  pages={129203},
  year={2023},
  publisher={Elsevier}
}

@article{schilling2022scalability,
  title={On the scalability of vision-based drone swarms in the presence of occlusions},
  author={Schilling, Fabian and Soria, Enrica and Floreano, Dario},
  journal={IEEE Access},
  volume={10},
  pages={28133--28146},
  year={2022},
  publisher={IEEE}
}

@article{chen2017minimum,
  title={On the minimum number of neighbors needed for consensus of flocks},
  author={Chen, Chen and Chen, Ge and Guo, Lei},
  journal={Control Theory and Technology},
  volume={15},
  number={4},
  pages={327--339},
  year={2017},
  publisher={Springer}
}

@article{ma2010k,
  title={k-Nearest-Neighbor interaction induced self-organized pedestrian counter flow},
  author={Ma, Jian and Song, Wei-guo and Zhang, Jun and Lo, Siu-ming and Liao, Guang-xuan},
  journal={Physica A: Statistical Mechanics and its Applications},
  volume={389},
  number={10},
  pages={2101--2117},
  year={2010},
  publisher={Elsevier}
}

@article{bhattacherjee2014cyclic,
  title={Cyclic and coherent states in flocks with topological distance},
  author={Bhattacherjee, Biplab and Bhattacharya, Kunal and Manna, Subhrangshu Sekhar},
  journal={Frontiers in Physics},
  volume={1},
  pages={35},
  year={2014},
  publisher={Frontiers Media SA}
}

@article{mishra2010fluctuations,
  title={Fluctuations and pattern formation in self-propelled particles},
  author={Mishra, Shradha and Baskaran, Aparna and Marchetti, M Cristina},
  journal={Physical Review E—Statistical, Nonlinear, and Soft Matter Physics},
  volume={81},
  number={6},
  pages={061916},
  year={2010},
  publisher={APS}
}

@article{barberis2014evidence,
  title={Evidence of a robust universality class in the critical behavior of self-propelled agents: metric versus topological interactions},
  author={Barberis, Lucas and Albano, Ezequiel V},
  journal={Physical Review E},
  volume={89},
  number={1},
  pages={012139},
  year={2014},
  publisher={APS}
}

@article{yamanaka2014formation,
  title={Formation and collision of traveling bands in interacting deformable self-propelled particles},
  author={Yamanaka, Sadato and Ohta, Takao},
  journal={Physical Review E},
  volume={89},
  number={1},
  pages={012918},
  year={2014},
  publisher={APS}
}

@article{mangeat2020flocking,
  title={Flocking with aq-fold discrete symmetry: Band-to-lane transition in the active Potts model},
  author={Mangeat, Matthieu and Chatterjee, Swarnajit and Paul, Raja and Rieger, Heiko},
  journal={Physical Review E},
  volume={102},
  number={4},
  pages={042601},
  year={2020},
  publisher={APS}
}
