@misc{SupMat,
note="See the Supplementary Material at (link to be inserted by publisher)"}

@article{seung1988defects,
  title={Defects in flexible membranes with crystalline order},
  author={Seung, Hyunjune Sebastian and Nelson, David R},
  journal={Physical Review A},
  volume={38},
  number={2},
  pages={1005},
  year={1988},
  publisher={APS}
}

@article{harmand20203d,
  title={3D shape of epithelial cells on curved substrates},
  author={Harmand, Nicolas and H{\'e}non, Sylvie},
  journal={arXiv preprint arXiv:2005.07589},
  year={2020}
}

@article{turiv2020topology,
  title={Topology control of human fibroblast cells monolayer by liquid crystal elastomer},
  author={Turiv, Taras and Krieger, Jess and Babakhanova, Greta and Yu, Hao and Shiyanovskii, Sergij V and Wei, Qi-Huo and Kim, Min-Ho and Lavrentovich, Oleg D},
  journal={Science Advances},
  volume={6},
  number={20},
  pages={eaaz6485},
  year={2020},
  publisher={American Association for the Advancement of Science}
}


@article{keys2007measurement,
  title={Measurement of growing dynamical length scales and prediction of the jamming transition in a granular material},
  author={Keys, Aaron S and Abate, Adam R and Glotzer, Sharon C and Durian, Douglas J},
  journal={Nature physics},
  volume={3},
  number={4},
  pages={260--264},
  year={2007},
  publisher={Nature Publishing Group}
}

@article{spahn2013vertex,
  title={A vertex model of Drosophila ventral furrow formation},
  author={Spahn, Philipp and Reuter, Rolf},
  journal={PloS one},
  volume={8},
  number={9},
  year={2013},
  publisher={Public Library of Science}
}

@article{fouchard2020curling,
  title={Curling of epithelial monolayers reveals coupling between active bending and tissue tension},
  author={Fouchard, Jonathan and Wyatt, Tom PJ and Proag, Amsha and Lisica, Ana and Khalilgharibi, Nargess and Recho, Pierre and Suzanne, Magali and Kabla, Alexandre and Charras, Guillaume},
  journal={Proceedings of the National Academy of Sciences},
  volume={117},
  number={17},
  pages={9377--9383},
  year={2020},
  publisher={National Acad Sciences}
}

@article{moshe2018geometric,
  title={Geometric frustration and solid-solid transitions in model 2D tissue},
  author={Moshe, Michael and Bowick, Mark J and Marchetti, M Cristina},
  journal={Physical review letters},
  volume={120},
  number={26},
  pages={268105},
  year={2018},
  publisher={APS}
}

@article{guerra2018freezing,
	title={Freezing on a sphere},
	author={Guerra, Rodrigo E and Kelleher, Colm P and Hollingsworth, Andrew D and Chaikin, Paul M},
	journal={Nature},
	volume={554},
	number={7692},
	pages={346--350},
	year={2018},
	publisher={Nature Publishing Group}
}

@incollection{cgal:hs-ch3-19b,
  author = {Susan Hert and Stefan Schirra},
  title = {{3D} Convex Hulls},
  publisher = {{CGAL Editorial Board}},
  edition = {{5.0}},
  booktitle = {{CGAL} User and Reference Manual},
  url = {https://doc.cgal.org/5.0/Manual/packages.html#PkgConvexHull3},
  year = 2019
}

@book{cgal:eb-19b,
  title = {{CGAL} User and Reference Manual},
  author = {{The CGAL Project}},
  publisher = {{CGAL Editorial Board}},
  edition = {{5.0}},
  year = 2019,
  url = {https://doc.cgal.org/5.0/Manual/packages.html}
}

@incollection{fortune1995voronoi,
  title={Voronoi diagrams and Delaunay triangulations},
  author={Fortune, Steven},
  booktitle={Computing in Euclidean geometry},
  pages={225--265},
  year={1995},
  publisher={World Scientific}
}

@article{bi2016motility,
  title={Motility-driven glass and jamming transitions in biological tissues},
  author={Bi, Dapeng and Yang, Xingbo and Marchetti, M Cristina and Manning, M Lisa},
  journal={Physical Review X},
  volume={6},
  number={2},
  pages={021011},
  year={2016},
  publisher={APS}
}

@article{brakke1992surface,
  title={The surface evolver},
  author={Brakke, Kenneth A},
  journal={Experimental mathematics},
  volume={1},
  number={2},
  pages={141--165},
  year={1992},
  publisher={Taylor \& Francis}
}

@article{bitzek2006structural,
	title={Structural relaxation made simple},
	author={Bitzek, Erik and Koskinen, Pekka and G{\"a}hler, Franz and Moseler, Michael and Gumbsch, Peter},
	journal={Physical review letters},
	volume={97},
	number={17},
	pages={170201},
	year={2006},
	publisher={APS}
}


@article{Brodland2004,
  title={Computational modeling of cell sorting, tissue engulfment, and related phenomena: A review},
  author={Brodland, G Wayne},
  journal={Applied Mech. Rev.},
  volume={57},
  number={1},
  pages={47--76},
  year={2004},
  publisher={American Society of Mechanical Engineers}
}

@article{Etournay2015,
author = {Etournay, Rapha{\"{e}}l and Popovi{\'{c}}, Marko and Merkel, Matthias and Nandi, Amitabha and Blasse, Corinna and Aigouy, Beno{\^{i}}t and Brandl, Holger and Myers, Gene and Salbreux, Guillaume and J{\"{u}}licher, Frank and Eaton, Suzanne},
journal = {eLife},
month = {jun},
pages = {e07090},
title = {{Interplay of cell dynamics and epithelial tension during morphogenesis of the Drosophila pupal wing}},
volume = {4},
year = {2015}
}

@article{Sussman2018epl,
author = {Sussman, Daniel M. and Paoluzzi, M. and {Cristina Marchetti}, M. and {Lisa Manning}, M.},
journal = {EPL (Europhysics Letters)},
number = {3},
pages = {36001},
title = {{Anomalous glassy dynamics in simple models of dense biological tissue}},
volume = {121},
year = {2018}
}

@article{Bi2015,
  title={A density-independent rigidity transition in biological tissues},
  author={Bi, Dapeng and Lopez, JH and Schwarz, JM and Manning, M Lisa},
  journal={Nature Physics},
  year={2015},
    volume = {11},
    pages={1074-1079},
  publisher={Nature Publishing Group}
}

@article{Hufnagel2006,
author = {Hufnagel, Lars and Teleman, Aurelio A. and Rouault, Herv{'e} and Cohen, Stephen M. and Shraiman, Boris I.}, 
title = {On the mechanism of wing size determination in fly development},
volume = {104}, 
number = {10}, 
pages = {3835-3840}, 
year = {2007}, 
journal = {Proc. Natl. Acad. Sci. USA} 
}

@article{Honda2001,
author = { Tatsuzo   Nagai  and  Hisao   Honda },
title = {A dynamic cell model for the formation of epithelial tissues},
journal = {Philosophical Magazine Part B},
volume = {81},
number = {7},
pages = {699-719},
year = {2001}
}

@article{Farhadifar2007,
author={Farhadifar, Reza and R{\"o}per, Jean-Christian and Aigouy, Benoit and Eaton, Suzanne and J{\"u}licher, Frank},
title={The Influence of Cell Mechanics, Cell-Cell Interactions, and Proliferation on Epithelial Packing},
journal={Curr. Biol.},
volume={17},
pages={2095--2104},
year={2007},
}

@article{Friedl2009,
author = {Friedl, Peter and Gilmour, Darren},
journal = {Nature reviews. Molecular cell biology},
number = {july},
pages = {445--457},
pmid = {19546857},
publisher = {Nature Publishing Group},
title = {{Collective cell migration in morphogenesis, regeneration and cancer.}},
volume = {10},
year = {2009}
}

@article{Brugues2014,
author = {Brugu{\'{e}}s, Agust{\'{i}} and Anon, Ester and Conte, Vito and Veldhuis, Jim H. and Gupta, Mukund and Colombelli, Julien and Mu{\~{n}}oz, Jos{\'{e}} J. and Brodland, G. Wayne and Ladoux, Benoit and Trepat, Xavier},
journal = {Nature Physics},
month = {aug},
number = {9},
pages = {683--690},
pmid = {24292420},
title = {{Forces driving epithelial wound healing}},
volume = {10},
year = {2014}
}

@article{Bi2014,
author={Bi, Dapeng and Lopez, Jorge H. and Schwarz, J. M. and Manning, M. Lisa},
title={Energy barriers and cell migration in densely packed tissues},
journal={Soft Matter},
volume={10},
pages={1885-1890},
year={2014},
}

@article{Honda1978,
author={Honda, Hisao},
title={Description of cellular patterns by Dirichlet domains: The two-dimensional case},
journal={J. Theor. Biol.},
volume={72},
pages={523-530},
year={1978},
}

@article{sussman2018soft,
  title={Soft yet sharp interfaces in a vertex model of confluent tissue},
  author={Sussman, Daniel M and Schwarz, Jennifer M and Marchetti, M Cristina and Manning, M Lisa},
  journal={Physical review letters},
  volume={120},
  number={5},
  pages={058001},
  year={2018},
  publisher={APS}
}

@article{yan2019multicellular,
  title={Multicellular rosettes drive fluid-solid transition in epithelial tissues},
  author={Yan, Le and Bi, Dapeng},
  journal={Physical Review X},
  volume={9},
  number={1},
  pages={011029},
  year={2019},
  publisher={APS}
}

@article{streichan2018global,
  title={Global morphogenetic flow is accurately predicted by the spatial distribution of myosin motors},
  author={Streichan, Sebastian J and Lefebvre, Matthew F and Noll, Nicholas and Wieschaus, Eric F and Shraiman, Boris I},
  journal={Elife},
  volume={7},
  pages={e27454},
  year={2018},
  publisher={eLife Sciences Publications Limited}
}

@article{van2015simulating,
  title={Simulating tissue mechanics with agent-based models: concepts, perspectives and some novel results},
  author={Van Liedekerke, Paul and Palm, MM and Jagiella, N and Drasdo, Dirk},
  journal={Computational particle mechanics},
  volume={2},
  number={4},
  pages={401--444},
  year={2015},
  publisher={Springer}
}

@article{sussman2017cellGPU,
author={Sussman, Daniel M.},
title={cellGPU: massively parallel simulations of dynamic vertex models},
journal = {Comput. Phys. Commun.},
  volume = {219},
  pages = {400},
  year = {2017}
}

@article{SAMOS,
  title={Active Vertex Model for cell-resolution description of epithelial tissue mechanics},
  author={Barton, Daniel L and Henkes, Silke and Weijer, Cornelis J and Sknepnek, Rastko},
  journal={PLoS Computational Biology},
  volume={13},
  number={6},
  pages={e1005569},
  year={2017},
  publisher={Public Library of Science}
}

@article{sussman2018no,
  title={No unjamming transition in a Voronoi model of biological tissue},
  author={Sussman, Daniel M and Merkel, Matthias},
  journal={Soft matter},
  volume={14},
  number={17},
  pages={3397--3403},
  year={2018},
  publisher={Royal Society of Chemistry}
}


@article{staple2010mechanics,
  title={Mechanics and remodelling of cell packings in epithelia},
  author={Staple, Douglas B and Farhadifar, Reza and R{\"o}per, J-C and Aigouy, Benoit and Eaton, Suzanne and J{\"u}licher, Frank},
  journal={The European Physical Journal E},
  volume={33},
  number={2},
  pages={117--127},
  year={2010},
  publisher={Springer}
}



@article{Fletcher2014,
author={Fletcher, Alexander G and Osterfield, Miriam and Baker, Ruth E and Shvartsman, Stanislav Y.},
title={Vertex Models of Epithelial Morphogenesis},
journal={Biophys. J.},
volume={106},
pages={2291-2304},
year={2014},
}

@article{murisic2015discrete,
  title={From discrete to continuum models of three-dimensional deformations in epithelial sheets},
  author={Murisic, Nebojsa and Hakim, Vincent and Kevrekidis, Ioannis G and Shvartsman, Stanislav Y and Audoly, Basile},
  journal={Biophysical journal},
  volume={109},
  number={1},
  pages={154--163},
  year={2015},
  publisher={Elsevier}
}

@article{osterfield2013three,
  title={Three-dimensional epithelial morphogenesis in the developing Drosophila egg},
  author={Osterfield, Miriam and Du, XinXin and Sch{\"u}pbach, Trudi and Wieschaus, Eric and Shvartsman, Stanislav Y},
  journal={Developmental cell},
  volume={24},
  number={4},
  pages={400--410},
  year={2013},
  publisher={Elsevier}
}

@article{ishimoto2014bubbly,
  title={Bubbly vertex dynamics: a dynamical and geometrical model for epithelial tissues with curved cell shapes},
  author={Ishimoto, Yukitaka and Morishita, Yoshihiro},
  journal={Physical Review E},
  volume={90},
  number={5},
  pages={052711},
  year={2014},
  publisher={APS}
}

@article{jain2019regionalized,
  title={Regionalized tissue fluidization by an actomyosin cable is required for epithelial gap closure during insect gastrulation},
  author={Jain, Akanksha and Ulman, Vladimir and Mukherjee, Argo and Prakash, Mangal and Pimpale, Lokesh and M{\"u}nster, Stefan and Panfilio, Kristen A and Jug, Florian and Grill, Stephan W and Tomancak, P and others},
  journal={BioRxiv},
  pages={744193},
  year={2019},
  publisher={Cold Spring Harbor Laboratory}
}

@article{rupprecht2017geometric,
  title={Geometric constraints alter cell arrangements within curved epithelial tissues},
  author={Rupprecht, Jean-Francois and Ong, Kok Haur and Yin, Jianmin and Huang, Anqi and Dinh, Huy-Hong-Quan and Singh, Anand P and Zhang, Shaobo and Yu, Weimiao and Saunders, Timothy E},
  journal={Molecular biology of the cell},
  volume={28},
  number={25},
  pages={3582--3594},
  year={2017},
  publisher={Am Soc Cell Biol}
}

@article{gomez2018scutoids,
  title={Scutoids are a geometrical solution to three-dimensional packing of epithelia},
  author={G{\'o}mez-G{\'a}lvez, Pedro and Vicente-Munuera, Pablo and Tagua, Antonio and Forja, Cristina and Castro, Ana M and Letr{\'a}n, Marta and Valencia-Exp{\'o}sito, Andrea and Grima, Clara and Berm{\'u}dez-Gallardo, Marina and Serrano-P{\'e}rez-Higueras, {\'O}scar and others},
  journal={Nature communications},
  volume={9},
  number={1},
  pages={2960},
  year={2018},
  publisher={Nature Publishing Group}
}

@article{nelson2018epithelial,
  title={Epithelial Packing: Even the Best of Friends Must Part},
  author={Nelson, Celeste M},
  journal={Current Biology},
  volume={28},
  number={20},
  pages={R1197--R1200},
  year={2018},
  publisher={Elsevier}
}

@article{kim2018universal,
  title={Universal features of metastable state energies in cellular matter},
  author={Kim, Sangwoo and Wang, Yiliang and Hilgenfeldt, Sascha},
  journal={Physical review letters},
  volume={120},
  number={24},
  pages={248001},
  year={2018},
  publisher={APS}
}

@article{okuda2015three,
  title={Three-dimensional vertex model for simulating multicellular morphogenesis},
  author={Okuda, Satoru and Inoue, Yasuhiro and Adachi, Taiji},
  journal={Biophysics and physicobiology},
  volume={12},
  pages={13--20},
  year={2015},
  publisher={The Biophysical Society of Japan}
}

@article{sussman2019fast,
  title={Fast, scalable, and interactive software for Landau-de Gennes numerical modeling of nematic topological defects},
  author={Sussman, Daniel M and Beller, Daniel A},
  journal={Frontiers in Physics},
  volume={7},
  pages={204},
  year={2019},
  publisher={Frontiers}
}

@article{alt2017vertex,
  title={Vertex models: from cell mechanics to tissue morphogenesis},
  author={Alt, Silvanus and Ganguly, Poulami and Salbreux, Guillaume},
  journal={Philosophical Transactions of the Royal Society B: Biological Sciences},
  volume={372},
  number={1720},
  pages={20150520},
  year={2017},
  publisher={The Royal Society}
}

@article{teomy2018confluent,
  title={Confluent and nonconfluent phases in a model of cell tissue},
  author={Teomy, Eial and Kessler, David A and Levine, Herbert},
  journal={Physical Review E},
  volume={98},
  number={4},
  pages={042418},
  year={2018},
  publisher={APS}
}

@article{sknepnek2015active,
  title={Active swarms on a sphere},
  author={Sknepnek, Rastko and Henkes, Silke},
  journal={Physical Review E},
  volume={91},
  number={2},
  pages={022306},
  year={2015},
  publisher={APS}
}

@article{tarjus2012statistical,
  title={Statistical mechanics of liquids and fluids in curved space},
  author={Tarjus, Gilles and Sausset, Eran{\c{c}}ois and Viot, Pascal},
  journal={Advances in Chemical Physics},
  volume={148},
  pages={251},
  year={2012},
  publisher={Wiley Online Library}
}

@article{merkel2019minimal,
  title={A minimal-length approach unifies rigidity in underconstrained materials},
  author={Merkel, Matthias and Baumgarten, Karsten and Tighe, Brian P and Manning, M Lisa},
  journal={Proceedings of the National Academy of Sciences},
  volume={116},
  number={14},
  pages={6560--6568},
  year={2019},
  publisher={National Acad Sciences}
}

@article{mongera2018fluid,
  title={A fluid-to-solid jamming transition underlies vertebrate body axis elongation},
  author={Mongera, Alessandro and Rowghanian, Payam and Gustafson, Hannah J and Shelton, Elijah and Kealhofer, David A and Carn, Emmet K and Serwane, Friedhelm and Lucio, Adam A and Giammona, James and Camp{\`a}s, Otger},
  journal={Nature},
  volume={561},
  number={7723},
  pages={401},
  year={2018},
  publisher={Nature Publishing Group}
}

@article{merkel2018geometrically,
  title={A geometrically controlled rigidity transition in a model for confluent 3D tissues},
  author={Merkel, Matthias and Manning, M Lisa},
  journal={New Journal of Physics},
  volume={20},
  number={2},
  pages={022002},
  year={2018},
  publisher={IOP Publishing}
}

@article{irvine2017mechanical,
  title={Mechanical control of growth: ideas, facts and challenges},
  author={Irvine, Kenneth D and Shraiman, Boris I},
  journal={Development},
  volume={144},
  number={23},
  pages={4238--4248},
  year={2017},
  publisher={Oxford University Press for The Company of Biologists Limited}
}

@book{d1952growth,
  title={On growth and form},
  author={Thompson, d'Arcy W},
  volume={1},
  year={1952},
  publisher={Cambridge university press}
}

@article{noll2017active,
  title={Active tension network model suggests an exotic mechanical state realized in epithelial tissues},
  author={Noll, Nicholas and Mani, Madhav and Heemskerk, Idse and Streichan, Sebastian J and Shraiman, Boris I},
  journal={Nature Physics},
  volume={13},
  number={12},
  pages={1221},
  year={2017},
  publisher={Nature Publishing Group}
}

@article{boromand2018jamming,
  title={Jamming of deformable polygons},
  author={Boromand, Arman and Signoriello, Alexandra and Ye, Fangfu and O'Hern, Corey S and Shattuck, Mark D},
  journal={Physical review letters},
  volume={121},
  number={24},
  pages={248003},
  year={2018},
  publisher={APS}
}

@article{goodwin2019smooth,
  title={Smooth muscle differentiation shapes domain branches during mouse lung development},
  author={Goodwin, Katharine and Mao, Sheng and Guyomar, Tristan and Miller, Erin and Radisky, Derek C and Ko{\v{s}}mrlj, Andrej and Nelson, Celeste M},
  journal={Development},
  volume={146},
  number={22},
  year={2019},
  publisher={Oxford University Press for The Company of Biologists Limited}
}

@article{,
author={},
title={},
journal={},
volume={},
pages={},
year={},
}

@article{,
author={},
title={},
journal={},
volume={},
pages={},
year={},
}

@article{,
author={},
title={},
journal={},
volume={},
pages={},
year={},
}

@article{,
author={},
title={},
journal={},
volume={},
pages={},
year={},
}

@article{,
author={},
title={},
journal={},
volume={},
pages={},
year={},
}

@article{,
author={},
title={},
journal={},
volume={},
pages={},
year={},
}

@article{,
author={},
title={},
journal={},
volume={},
pages={},
year={},
}

@article{,
author={},
title={},
journal={},
volume={},
pages={},
year={},
}

@article{,
author={},
title={},
journal={},
volume={},
pages={},
year={},
}

@article{,
author={},
title={},
journal={},
volume={},
pages={},
year={},
}

@article{,
author={},
title={},
journal={},
volume={},
pages={},
year={},
}

@article{,
author={},
title={},
journal={},
volume={},
pages={},
year={},
}

@article{,
author={},
title={},
journal={},
volume={},
pages={},
year={},
}

@article{,
author={},
title={},
journal={},
volume={},
pages={},
year={},
}

@article{,
author={},
title={},
journal={},
volume={},
pages={},
year={},
}

@article{,
author={},
title={},
journal={},
volume={},
pages={},
year={},
}

