@article{schoenholz2016structural,
  title={A structural approach to relaxation in glassy liquids},
  author={Schoenholz, Samuel S and Cubuk, Ekin D and Sussman, Daniel M and Kaxiras, Efthimios and Liu, Andrea J},
  journal={Nature Physics},
  volume={12},
  number={5},
  pages={469--471},
  year={2016},
  publisher={Nature Publishing Group}
}

@article{bocquet2009kinetic,
  title={Kinetic theory of plastic flow in soft glassy materials},
  author={Bocquet, Lyd{\'e}ric and Colin, Annie and Ajdari, Armand},
  journal={Physical review letters},
  volume={103},
  number={3},
  pages={036001},
  year={2009},
  publisher={APS}
}

@article{tah2021quantifying,
  title={Quantifying the link between local structure and cellular rearrangements using information in models of biological tissues},
  author={Tah, Indrajit and Sharp, Tristan A and Liu, Andrea J and Sussman, Daniel M},
  journal={Soft Matter},
  year={2021},
  publisher={Royal Society of Chemistry}
}


@article{li2021softness,
  title={Softness, anomalous dynamics, and fractal-like energy landscape in model cell tissues},
  author={Li, Yan-Wei and Wei, Leon Loh Yeong and Paoluzzi, Matteo and Ciamarra, Massimo Pica},
  journal={Physical Review E},
  volume={103},
  number={2},
  pages={022607},
  year={2021},
  publisher={APS}
}

@article{cubuk2017structure,
  title={Structure-property relationships from universal signatures of plasticity in disordered solids},
  author={Cubuk, Ekin Dogus and Ivancic, RJS and Schoenholz, Samuel S and Strickland, DJ and Basu, Anindita and Davidson, ZS and Fontaine, Julien and Hor, Jyo Lyn and Huang, Y-R and Jiang, Y and others},
  journal={Science},
  volume={358},
  number={6366},
  pages={1033--1037},
  year={2017},
  publisher={American Association for the Advancement of Science}
}
@article{tah2022fragility,
  title={Fragility in Glassy Liquids: A Structural Approach Based on Machine Learning},
  author={Tah, Indrajit and Ridout, Sean A and Liu, Andrea J},
  journal={arXiv preprint arXiv:2205.07187},
  year={2022}
}

@article{schoenholz2017relationship,
  title={Relationship between local structure and relaxation in out-of-equilibrium glassy systems},
  author={Schoenholz, Samuel S and Cubuk, Ekin D and Kaxiras, Efthimios and Liu, Andrea J},
  journal={Proceedings of the National Academy of Sciences},
  volume={114},
  number={2},
  pages={263--267},
  year={2017},
  publisher={National Acad Sciences}
}

@book{frenkel2023understanding,
  title={Understanding molecular simulation: from algorithms to applications},
  author={Frenkel, Daan and Smit, Berend},
  year={2023},
  publisher={Elsevier}
}

@article{bapst2020unveiling,
  title={Unveiling the predictive power of static structure in glassy systems},
  author={Bapst, Victor and Keck, Thomas and Grabska-Barwi{\'n}ska, A and Donner, Craig and Cubuk, Ekin Dogus and Schoenholz, Samuel S and Obika, Annette and Nelson, Alexander WR and Back, Trevor and Hassabis, Demis and others},
  journal={Nature Physics},
  volume={16},
  number={4},
  pages={448--454},
  year={2020},
  publisher={Nature Publishing Group}
}



@article{cubuk2015identifying,
  title={Identifying structural flow defects in disordered solids using machine-learning methods},
  author={Cubuk, Ekin D and Schoenholz, Samuel Stern and Rieser, Jennifer M and Malone, Brad Dean and Rottler, Joerg and Durian, Douglas J and Kaxiras, Efthimios and Liu, Andrea J},
  journal={Physical review letters},
  volume={114},
  number={10},
  pages={108001},
  year={2015},
  publisher={APS}
}


@article{keys2011excitations,
  title={Excitations are localized and relaxation is hierarchical in glass-forming liquids},
  author={Keys, Aaron S and Hedges, Lester O and Garrahan, Juan P and Glotzer, Sharon C and Chandler, David},
  journal={Physical Review X},
  volume={1},
  number={2},
  pages={021013},
  year={2011},
  publisher={APS}
}

@article{kawasaki2007correlation,
  title={Correlation between dynamic heterogeneity and medium-range order in two-dimensional glass-forming liquids},
  author={Kawasaki, Takeshi and Araki, Takeaki and Tanaka, Hajime},
  journal={Physical review letters},
  volume={99},
  number={21},
  pages={215701},
  year={2007},
  publisher={APS}
}

@article{patrick2008direct,
  title={Direct observation of a local structural mechanism for dynamic arrest},
  author={Patrick Royall, C and Williams, Stephen R and Ohtsuka, Takehiro and Tanaka, Hajime},
  journal={Nature materials},
  volume={7},
  number={7},
  pages={556--561},
  year={2008},
  publisher={Nature Publishing Group}
}

@article{berthier2007structure,
  title={Structure and dynamics of glass formers: Predictability at large length scales},
  author={Berthier, Ludovic and Jack, Robert L},
  journal={Physical Review E},
  volume={76},
  number={4},
  pages={041509},
  year={2007},
  publisher={APS}
}

@article{pedersen2018phase,
  title={Phase diagram of Kob-Andersen-type binary Lennard-Jones mixtures},
  author={Pedersen, Ulf R and Schr{\o}der, Thomas B and Dyre, Jeppe C},
  journal={Physical review letters},
  volume={120},
  number={16},
  pages={165501},
  year={2018},
  publisher={APS}
}

@article{kob1995testing,
  title={Testing mode-coupling theory for a supercooled binary Lennard-Jones mixture I: The van Hove correlation function},
  author={Kob, Walter and Andersen, Hans C},
  journal={Physical Review E},
  volume={51},
  number={5},
  pages={4626},
  year={1995},
  publisher={APS}
}

@article{pedregosa2011scikit,
  title={Scikit-learn: Machine learning in Python},
  author={Pedregosa, Fabian and Varoquaux, Ga{\"e}l and Gramfort, Alexandre and Michel, Vincent and Thirion, Bertrand and Grisel, Olivier and Blondel, Mathieu and Prettenhofer, Peter and Weiss, Ron and Dubourg, Vincent and others},
  journal={the Journal of machine Learning research},
  volume={12},
  pages={2825--2830},
  year={2011},
  publisher={JMLR. org}
}

@book{berthier2011dynamical,
  title={Dynamical heterogeneities in glasses, colloids, and granular media},
  author={Berthier, Ludovic and Biroli, Giulio and Bouchaud, Jean-Philippe and Cipelletti, Luca and van Saarloos, Wim},
  volume={150},
  year={2011},
  publisher={OUP Oxford}
}


@article{angell1995formation,
  title={Formation of glasses from liquids and biopolymers},
  author={Angell, C Austen},
  journal={Science},
  volume={267},
  number={5206},
  pages={1924--1935},
  year={1995},
  publisher={American Association for the Advancement of Science}
}

@article{pinto2022hierarchical,
  title={Hierarchical structure of the energy landscape in the Voronoi model of dense tissue},
  author={Pinto, Diogo EP and Sussman, Daniel M and da Gama, Margarida M Telo and Ara{\'u}jo, Nuno AM},
  journal={Physical Review Research},
  volume={4},
  number={2},
  pages={023187},
  year={2022},
  publisher={APS}
}

@article{sussman2017disconnecting,
  title={Disconnecting structure and dynamics in glassy thin films},
  author={Sussman, Daniel M and Schoenholz, Samuel S and Cubuk, Ekin D and Liu, Andrea J},
  journal={Proceedings of the National Academy of Sciences},
  volume={114},
  number={40},
  pages={10601--10605},
  year={2017},
  publisher={National Acad Sciences}
}


@article{sussman2018anomalous,
  title={Anomalous glassy dynamics in simple models of dense biological tissue},
  author={Sussman, Daniel M and Paoluzzi, M and Marchetti, M Cristina and Manning, M Lisa},
  journal={EPL (Europhysics Letters)},
  volume={121},
  number={3},
  pages={36001},
  year={2018},
  publisher={IOP Publishing}
}


@article{liu2010jamming,
  title={The jamming transition and the marginally jammed solid},
  author={Liu, Andrea J and Nagel, Sidney R},
  journal={Annu. Rev. Condens. Matter Phys.},
  volume={1},
  number={1},
  pages={347--369},
  year={2010},
  publisher={Annual Reviews}
}



@article{behler2007generalized,
  title={Generalized neural-network representation of high-dimensional potential-energy surfaces},
  author={Behler, J{\"o}rg and Parrinello, Michele},
  journal={Physical review letters},
  volume={98},
  number={14},
  pages={146401},
  year={2007},
  publisher={APS}
}


@article{ediger2000spatially,
  title={Spatially heterogeneous dynamics in supercooled liquids},
  author={Ediger, Mark D},
  journal={Annual review of physical chemistry},
  volume={51},
  number={1},
  pages={99--128},
  year={2000},
  publisher={Annual Reviews 4139 El Camino Way, PO Box 10139, Palo Alto, CA 94303-0139, USA}
}

@article{jack2014information,
  title={Information-theoretic measurements of coupling between structure and dynamics in glass formers},
  author={Jack, Robert L and Dunleavy, Andrew J and Royall, C Patrick},
  journal={Physical review letters},
  volume={113},
  number={9},
  pages={095703},
  year={2014},
  publisher={APS}
}

@article{candelier2009building,
  title={Building blocks of dynamical heterogeneities in dense granular media},
  author={Candelier, Raphael and Dauchot, Olivier and Biroli, Giulio},
  journal={Physical review letters},
  volume={102},
  number={8},
  pages={088001},
  year={2009},
  publisher={APS}
}

@misc{hsu2003practical,
  title={A practical guide to support vector classification},
  author={Hsu, Chih-Wei and Chang, Chih-Chung and Lin, Chih-Jen and others},
  year={2003},
  publisher={Taipei}
}


@article{manning2011vibrational,
  title={Vibrational modes identify soft spots in a sheared disordered packing},
  author={Manning, M Lisa and Liu, Andrea J},
  journal={Physical Review Letters},
  volume={107},
  number={10},
  pages={108302},
  year={2011},
  publisher={APS}
}

@article{anderson2020hoomd,
  title={HOOMD-blue: A Python package for high-performance molecular dynamics and hard particle Monte Carlo simulations},
  author={Anderson, Joshua A and Glaser, Jens and Glotzer, Sharon C},
  journal={Computational Materials Science},
  volume={173},
  pages={109363},
  year={2020},
  publisher={Elsevier}
}

@article{kob1994scaling,
  title={Scaling behavior in the $\beta$-relaxation regime of a supercooled Lennard-Jones mixture},
  author={Kob, Walter and Andersen, Hans C},
  journal={Physical review letters},
  volume={73},
  number={10},
  pages={1376},
  year={1994},
  publisher={APS}
}

@article{bierwirth2017generic,
  title={Generic primary mechanical response of viscous liquids},
  author={Bierwirth, S Peter and B{\"o}hmer, Roland and Gainaru, Catalin},
  journal={Physical Review Letters},
  volume={119},
  number={24},
  pages={248001},
  year={2017},
  publisher={APS}
}
@article{folena2020rethinking,
  title={Rethinking mean-field glassy dynamics and its relation with the energy landscape: The surprising case of the spherical mixed p-spin model},
  author={Folena, Giampaolo and Franz, Silvio and Ricci-Tersenghi, Federico},
  journal={Physical Review X},
  volume={10},
  number={3},
  pages={031045},
  year={2020},
  publisher={APS}
}
@article{banerjee2017determination,
  title={Determination of onset temperature from the entropy for fragile to strong liquids},
  author={Banerjee, Atreyee and Nandi, Manoj Kumar and Sastry, Srikanth and Maitra Bhattacharyya, Sarika},
  journal={The Journal of chemical physics},
  volume={147},
  number={2},
  pages={024504},
  year={2017},
  publisher={AIP Publishing LLC}
}
@article{testard2014intermittent,
  title={Intermittent dynamics and logarithmic domain growth during the spinodal decomposition of a glass-forming liquid},
  author={Testard, Vincent and Berthier, Ludovic and Kob, Walter},
  journal={The Journal of chemical physics},
  volume={140},
  number={16},
  pages={164502},
  year={2014},
  publisher={American Institute of Physics}
}
@article{royall2015role,
  title={The role of local structure in dynamical arrest},
  author={Royall, C Patrick and Williams, Stephen R},
  journal={Physics Reports},
  volume={560},
  pages={1--75},
  year={2015},
  publisher={Elsevier}
}
@article{widmer2008irreversible,
  title={Irreversible reorganization in a supercooled liquid originates from localized soft modes},
  author={Widmer-Cooper, Asaph and Perry, Heidi and Harrowell, Peter and Reichman, David R},
  journal={Nature Physics},
  volume={4},
  number={9},
  pages={711--715},
  year={2008},
  publisher={Nature Publishing Group}
}

@misc{obadiyaDataset2022,
author = {Obadiya, Tomilola M and Sussman, Daniel M},
title = {Dataset for ``Does fluid structure encode predictions of glassy dynamics?''},
doi = {10.5281/zenodo.7469766},
howpublished= {\url{http://dx.doi.org/110.5281/zenodo.7469766}}
}

@article{debenedetti2001supercooled,
  title={Supercooled liquids and the glass transition},
  author={Debenedetti, Pablo G and Stillinger, Frank H},
  journal={Nature},
  volume={410},
  number={6825},
  pages={259--267},
  year={2001},
  publisher={Nature Publishing Group}
}


@article{sastry1998signatures,
  title={Signatures of distinct dynamical regimes in the energy landscape of a glass-forming liquid},
  author={Sastry, Srikanth and Debenedetti, Pablo G and Stillinger, Frank H},
  journal={Nature},
  volume={393},
  number={6685},
  pages={554--557},
  year={1998},
  publisher={Nature Publishing Group}
}

@misc{debenedetti1999equation,
  title={The equation of state of an energy landscape},
  author={Debenedetti, Pablo G and Stillinger, Frank H and Truskett, Thomas M and Roberts, Christopher J},
  journal={The Journal of Physical Chemistry B},
  volume={103},
  number={35},
  pages={7390--7397},
  year={1999},
  publisher={ACS Publications}
}

@article{elliott1991medium,
  title={Medium-range structural order in covalent amorphous solids},
  author={Elliott, Stephen R},
  journal={Nature},
  volume={354},
  number={6353},
  pages={445--452},
  year={1991},
  publisher={Nature Publishing Group}
}

@article{tanaka1998medium,
  title={Medium-range structure in chalcogenide glasses},
  author={Tanaka, Keiji},
  journal={Japanese journal of applied physics},
  volume={37},
  number={4R},
  pages={1747},
  year={1998},
  publisher={IOP Publishing}
}

@article{sorensen2020revealing,
  title={Revealing hidden medium-range order in amorphous materials using topological data analysis},
  author={S{\o}rensen, S{\o}ren S and Biscio, Christophe AN and Bauchy, Mathieu and Fajstrup, Lisbeth and Smedskjaer, Morten M},
  journal={Science Advances},
  volume={6},
  number={37},
  pages={eabc2320},
  year={2020},
  publisher={American Association for the Advancement of Science}
}

@article{lieou2022dynamical,
  title={Dynamical heterogeneities in liquid and glass originate from medium-range order},
  author={Lieou, Charles KC and Egami, Takeshi},
  journal={arXiv preprint arXiv:2205.09309},
  year={2022}
}

@article{alkemade2022comparing,
  title={Comparing machine learning techniques for predicting glassy dynamics},
  author={Alkemade, Rinske M and Boattini, Emanuele and Filion, Laura and Smallenburg, Frank},
  journal={The Journal of Chemical Physics},
  volume={156},
  number={20},
  pages={204503},
  year={2022},
  publisher={AIP Publishing LLC}
}

@article{boattini2021averaging,
  title={Averaging local structure to predict the dynamic propensity in supercooled liquids},
  author={Boattini, Emanuele and Smallenburg, Frank and Filion, Laura},
  journal={Physical Review Letters},
  volume={127},
  number={8},
  pages={088007},
  year={2021},
  publisher={APS}
}

@misc{supMat,
  title={[URL to be inserted by publisher]},
  year={2022}
}

@article{cubuk2020unifying,
  title={Unifying framework for strong and fragile liquids via machine learning: a study of liquid silica},
  author={Cubuk, Ekin D and Liu, Andrea J and Kaxiras, Efthimios and Schoenholz, Samuel S},
  journal={arXiv preprint arXiv:2008.09681},
  year={2020}
}

@article{boattini2020autonomously,
  title={Autonomously revealing hidden local structures in supercooled liquids},
  author={Boattini, Emanuele and Mar{\'\i}n-Aguilar, Susana and Mitra, Saheli and Foffi, Giuseppe and Smallenburg, Frank and Filion, Laura},
  journal={Nature communications},
  volume={11},
  number={1},
  pages={1--9},
  year={2020},
  publisher={Nature Publishing Group}
}


@article{ediger1996supercooled,
  title={Supercooled liquids and glasses},
  author={Ediger, Mark D and Angell, C Austen and Nagel, Sidney R},
  journal={The journal of physical chemistry},
  volume={100},
  number={31},
  pages={13200--13212},
  year={1996},
  publisher={ACS Publications}
}

@article{goldstein1969viscous,
  title={Viscous liquids and the glass transition: a potential energy barrier picture},
  author={Goldstein, Martin},
  journal={The Journal of Chemical Physics},
  volume={51},
  number={9},
  pages={3728--3739},
  year={1969},
  publisher={American Institute of Physics}
}

@article{berthier2011dynamic,
  title={Dynamic heterogeneity in amorphous materials},
  author={Berthier, Ludovic},
  journal={arXiv preprint arXiv:1106.1739},
  year={2011}
}

@article{jung2022predicting,
  title={Predicting dynamic heterogeneity in glass-forming liquids by physics-informed machine learning},
  author={Jung, Gerhard and Biroli, Giulio and Berthier, Ludovic},
  journal={arXiv preprint arXiv:2210.16623},
  year={2022}
}

@article{adam1965temperature,
  title={On the temperature dependence of cooperative relaxation properties in glass-forming liquids},
  author={Adam, Gerold and Gibbs, Julian H},
  journal={The journal of chemical physics},
  volume={43},
  number={1},
  pages={139--146},
  year={1965},
  publisher={American Institute of Physics}
}

@article{bauer2013cooperativity,
  title={Cooperativity and the freezing of molecular motion at the glass transition},
  author={Bauer, Th and Lunkenheimer, Peter and Loidl, Alois},
  journal={Physical review letters},
  volume={111},
  number={22},
  pages={225702},
  year={2013},
  publisher={APS}
}

@article{hanggi1990reaction,
  title={Reaction-rate theory: fifty years after Kramers},
  author={H{\"a}nggi, Peter and Talkner, Peter and Borkovec, Michal},
  journal={Reviews of modern physics},
  volume={62},
  number={2},
  pages={251},
  year={1990},
  publisher={APS}
}

@article{rossler1994indications,
  title={Indications for a change of transport mechanism in supercooled liquids and the dynamics close and below Tg},
  author={R{\"o}ssler, E and Warschewske, U and Eiermann, P and Sokolov, AP and Quitmann, D},
  journal={Journal of non-crystalline solids},
  volume={172},
  pages={113--125},
  year={1994},
  publisher={Elsevier}
}