@article{yu2021adaptive,
  title={Adaptive architecture and mechanoresponse of epithelial cells on a torus},
  author={Yu, Sun-Min and Li, Bo and Amblard, Francois and Granick, Steve and Cho, Yoon-Kyoung},
  journal={Biomaterials},
  volume={265},
  pages={120420},
  year={2021},
  publisher={Elsevier}
}
@article{hardin2005minimal,
  title={Minimal Riesz energy point configurations for rectifiable d-dimensional manifolds},
  author={Hardin, Douglas P and Saff, Edward B},
  journal={Advances in Mathematics},
  volume={193},
  number={1},
  pages={174--204},
  year={2005},
  publisher={Elsevier}
}
@article{tammes1930origin,
  title={On the origin of number and arrangement of the places of exit on the surface of pollen-grains},
  author={Tammes, Pieter Merkus Lambertus},
  journal={Recueil des travaux botaniques n{\'e}erlandais},
  volume={27},
  number={1},
  pages={1--84},
  year={1930}
}
@article{luciano2024mechanoresponse,
  title={Mechanoresponse of Curved Epithelial Monolayers Lining Bowl-Shaped 3D Microwells},
  author={Luciano, Marine and Versaevel, Marie and Kalukula, Yohalie and Gabriele, Sylvain},
  journal={Advanced Healthcare Materials},
  volume={13},
  number={4},
  pages={2203377},
  year={2024},
  publisher={Wiley Online Library}
}
@article{bowick2002crystalline,
  title={Crystalline order on a sphere and the generalized Thomson problem},
  author={Bowick, Mark and Cacciuto, Angelo and Nelson, David R and Travesset, Alex},
  journal={Physical Review Letters},
  volume={89},
  number={18},
  pages={185502},
  year={2002},
  publisher={APS}
}
@article{thomson1904xxiv,
  title={XXIV. On the structure of the atom: an investigation of the stability and periods of oscillation of a number of corpuscles arranged at equal intervals around the circumference of a circle; with application of the results to the theory of atomic structure},
  author={Thomson, Joseph John},
  journal={The London, Edinburgh, and Dublin Philosophical Magazine and Journal of Science},
  volume={7},
  number={39},
  pages={237--265},
  year={1904},
  publisher={Taylor \& Francis}
}
@article{sausset2008tuning,
  title={Tuning the fragility of a glass-forming liquid by curving space},
  author={Sausset, Fran{\c{c}}ois and Tarjus, Gilles and Viot, Pascal},
  journal={Physical review letters},
  volume={101},
  number={15},
  pages={155701},
  year={2008},
  publisher={APS}
}
@article{turci2017glass,
  title={From glass formation to icosahedral ordering by curving three-dimensional space},
  author={Turci, Francesco and Tarjus, Gilles and Royall, C Patrick},
  journal={Physical Review Letters},
  volume={118},
  number={21},
  pages={215501},
  year={2017},
  publisher={APS}
}
@article{goodwin2019smooth,
  title={Smooth muscle differentiation shapes domain branches during mouse lung development},
  author={Goodwin, Katharine and Mao, Sheng and Guyomar, Tristan and Miller, Erin and Radisky, Derek C and Ko{\v{s}}mrlj, Andrej and Nelson, Celeste M},
  journal={Development},
  volume={146},
  number={22},
  pages={dev181172},
  year={2019},
  publisher={The Company of Biologists Ltd}
}
@article{chang2022quantifying,
  title={Quantifying epithelial cell proliferation on curved surfaces},
  author={Chang, Ya-Wen and Cruz-Acu{\~n}a, Ricardo and Tennenbaum, Michael and Fragkopoulos, Alexandros A and Garc{\'\i}a, Andr{\'e}s J and Fern{\'a}ndez-Nieves, Alberto},
  journal={Frontiers in Physics},
  volume={10},
  pages={1055393},
  year={2022},
  publisher={Frontiers}
}
@article{bruss2012non,
  title={Non-Euclidean geometry of twisted filament bundle packing},
  author={Bruss, Isaac R and Grason, Gregory M},
  journal={Proceedings of the National Academy of Sciences},
  volume={109},
  number={27},
  pages={10781--10786},
  year={2012},
  publisher={National Acad Sciences}
}
@article{bruss2013topological,
  title={Topological defects, surface geometry and cohesive energy of twisted filament bundles},
  author={Bruss, Isaac R and Grason, Gregory M},
  journal={Soft Matter},
  volume={9},
  number={34},
  pages={8327--8345},
  year={2013},
  publisher={Royal Society of Chemistry}
}
@article{hueschen2023wildebeest,
  title = {Wildebeest herds on rolling hills: Flocking on arbitrary curved surfaces},
  author = {Hueschen, Christina L. and Dunn, Alexander R. and Phillips, Rob},
  journal = {Phys. Rev. E},
  volume = {108},
  issue = {2},
  pages = {024610},
  numpages = {28},
  year = {2023},
  month = {Aug},
  publisher = {American Physical Society},
  doi = {10.1103/PhysRevE.108.024610},
  url = {https://link.aps.org/doi/10.1103/PhysRevE.108.024610}
}

@article{liu2022curvature,
  title={Curvature-assisted self-assembly of Brownian squares on cylindrical surfaces},
  author={Liu, Huaqing and Zong, Yiwu and Zu, Mengjie and Mason, Thomas G and Ye, Fangfu and Zhao, Kun},
  journal={Journal of Colloid and Interface Science},
  volume={605},
  pages={863--870},
  year={2022},
  publisher={Elsevier}
}

@article{liu2023constraining,
  title={Constraining first-order phase transitions with curvature perturbations},
  author={Liu, Jing and Bian, Ligong and Cai, Rong-Gen and Guo, Zong-Kuan and Wang, Shao-Jiang},
  journal={Physical Review Letters},
  volume={130},
  number={5},
  pages={051001},
  year={2023},
  publisher={APS}
}
@article{tang2022collective,
  title={Collective curvature sensing and fluidity in three-dimensional multicellular systems},
  author={Tang, Wenhui and Das, Amit and Pegoraro, Adrian F and Han, Yu Long and Huang, Jessie and Roberts, David A and Yang, Haiqian and Fredberg, Jeffrey J and Kotton, Darrell N and Bi, Dapeng and others},
  journal={Nature Physics},
  volume={18},
  number={11},
  pages={1371--1378},
  year={2022},
  publisher={Nature Publishing Group UK London}
}
@article{lu2022membrane,
  title={Membrane curvature regulates the spatial distribution of bulky glycoproteins},
  author={Lu, Chih-Hao and Pedram, Kayvon and Tsai, Ching-Ting and Jones IV, Taylor and Li, Xiao and Nakamoto, Melissa L and Bertozzi, Carolyn R and Cui, Bianxiao},
  journal={Nature Communications},
  volume={13},
  number={1},
  pages={3093},
  year={2022},
  publisher={Nature Publishing Group UK London}
}

@article{huang2022surface,
  title={Surface curvature and basal hydraulic stress induce spatial bias in cell extrusion},
  author={Huang, Cheng-Kuang and Yong, Xianbin and She, David T and Lim, Chwee Teck},
  journal={bioRxiv},
  pages={2022--04},
  year={2022},
  publisher={Cold Spring Harbor Laboratory}
}

@article{gehrels2023curvature,
  title={Curvature gradient drives polarized tissue flow in the Drosophila embryo},
  author={Gehrels, Emily W and Chakrabortty, Bandan and Perrin, Marc-Eric and Merkel, Matthias and Lecuit, Thomas},
  journal={Proceedings of the National Academy of Sciences},
  volume={120},
  number={6},
  pages={e2214205120},
  year={2023},
  publisher={National Acad Sciences}
}

@article{lou2023curvature,
  title={Curvature-induced cell rearrangements in biological tissues},
  author={Lou, Yuting and Rupprecht, Jean-Francois and Theis, Sophie and Hiraiwa, Tetsuya and Saunders, Timothy E},
  journal={Physical Review Letters},
  volume={130},
  number={10},
  pages={108401},
  year={2023},
  publisher={APS}
}


@article{mazarei2023effect,
  title={Effect of substrate heterogeneity and topology on epithelial tissue growth dynamics},
  author={Mazarei, Mahmood and Astrom, Jan and Westerlund, Jan and Karttunen, Mikko},
  journal={arXiv preprint arXiv:2303.10850},
  year={2023}
}

@article{brandstatter2023curvature,
  title={Curvature induces active velocity waves in rotating spherical tissues},
  author={Brandst{\"a}tter, Tom and Br{\"u}ckner, David B and Han, Yu Long and Alert, Ricard and Guo, Ming and Broedersz, Chase P},
  journal={Nature Communications},
  volume={14},
  number={1},
  pages={1643},
  year={2023},
  publisher={Nature Publishing Group UK London}
}

@article{callens2020substrate,
  title={Substrate curvature as a cue to guide spatiotemporal cell and tissue organization},
  author={Callens, Sebastien JP and Uyttendaele, Rafael JC and Fratila-Apachitei, Lidy E and Zadpoor, Amir A},
  journal={Biomaterials},
  volume={232},
  pages={119739},
  year={2020},
  publisher={Elsevier}
}

@article{fletcher2014vertex,
  title={Vertex models of epithelial morphogenesis},
  author={Fletcher, Alexander G and Osterfield, Miriam and Baker, Ruth E and Shvartsman, Stanislav Y},
  journal={Biophysical journal},
  volume={106},
  number={11},
  pages={2291--2304},
  year={2014},
  publisher={Elsevier}
}

@article{kamien2002geometry,
  title={The geometry of soft materials: a primer},
  author={Kamien, Randall D},
  journal={Reviews of Modern physics},
  volume={74},
  number={4},
  pages={953},
  year={2002},
  publisher={APS}
}

@article{henkes2020dense,
  title={Dense active matter model of motion patterns in confluent cell monolayers},
  author={Henkes, Silke and Kostanjevec, Kaja and Collinson, J Martin and Sknepnek, Rastko and Bertin, Eric},
  journal={Nature communications},
  volume={11},
  number={1},
  pages={1--9},
  year={2020},
  publisher={Nature Publishing Group}
}
@article{sharp2019vector,
  title={The vector heat method},
  author={Sharp, Nicholas and Soliman, Yousuf and Crane, Keenan},
  journal={ACM Transactions on Graphics (TOG)},
  volume={38},
  number={3},
  pages={1--19},
  year={2019},
  publisher={ACM New York, NY, USA}
}
@article{ballard2020energy,
				  author =       "A. F. Ballard and J. R. Panter and D. J. Wales",
				  title =        "The energy landscapes of bidisperse particle assemblies on a sphere",
				  journal =      "Soft Matter",
			      volume =       "",
				  number =       "",
				  pages =        "",
				  year =         "2021"}
@article{maechler2019curvature,
  title={Curvature-dependent constraints drive remodeling of epithelia},
  author={Maechler, Florian A and Allier, C{\'e}dric and Roux, Aur{\'e}lien and Tomba, Caterina},
  journal={Journal of cell science},
  volume={132},
  number={4},
  pages={jcs222372},
  year={2019},
  publisher={The Company of Biologists Ltd}
}
@article{pincus1984polymer,
  title={Polymer adsorption on colloidal particles},
  author={Pincus, PA and Sandroff, CJ and Witten, TA},
  journal={Journal de Physique},
  volume={45},
  number={4},
  pages={725--729},
  year={1984},
  publisher={Soci{\'e}t{\'e} fran{\c{c}}aise de physique}
}
@article{hanke1999critical,
  title={Critical adsorption on curved objects},
  author={Hanke, Andreas and Dietrich, S},
  journal={Physical Review E},
  volume={59},
  number={5},
  pages={5081},
  year={1999},
  publisher={APS}
}
@article{liu2016curvature,
  title={Curvature-driven assembly in soft matter},
  author={Liu, Iris B and Sharifi-Mood, Nima and Stebe, Kathleen J},
  journal={Philosophical Transactions of the Royal Society A: Mathematical, Physical and Engineering Sciences},
  volume={374},
  number={2072},
  pages={20150133},
  year={2016},
  publisher={The Royal Society Publishing}
}
@article{marin2023mapping,
  title={Mapping mechanical stress in curved epithelia of designed size and shape},
  author={Mar{\'\i}n-Llaurad{\'o}, Ariadna and Kale, Sohan and Ouzeri, Adam and Golde, Tom and Sunyer, Raimon and Torres-S{\'a}nchez, Alejandro and Latorre, Ernest and G{\'o}mez-Gonz{\'a}lez, Manuel and Roca-Cusachs, Pere and Arroyo, Marino and others},
  journal={Nature communications},
  volume={14},
  number={1},
  pages={4014},
  year={2023},
  publisher={Nature Publishing Group UK London}
}
@article{schamberger2023curvature,
  title={Curvature in biological systems: its quantification, emergence, and implications across the scales},
  author={Schamberger, Barbara and Ziege, Ricardo and Anselme, Karine and Ben Amar, Martine and Bykowski, Micha{\l} and Castro, Andr{\'e} PG and Cipitria, Amaia and Coles, Rhoslyn A and Dimova, Rumiana and Eder, Michaela and others},
  journal={advanced materials},
  volume={35},
  number={13},
  pages={2206110},
  year={2023},
  publisher={Wiley Online Library}
}
@article{rank2021active,
				  author =       "M. Rank and A. Voigt",
				  title =        "Active flows on curved surfaces",
				  journal =      "Physics of Fluids",
			      volume =       "33",
				  number =       "072110",
				  pages =        "",
				  year =         "2021"}
%flows on ellipsoids of varying curvature

@article{luciano2021cell,
  title={Cell monolayers sense curvature by exploiting active mechanics and nuclear mechanoadaptation},
  author={Luciano, Marine and Xue, Shi-Lei and De Vos, Winnok H and Redondo-Morata, Lorena and Surin, Mathieu and Lafont, Frank and Hannezo, Edouard and Gabriele, Sylvain},
  journal={Nature Physics},
  volume={17},
  number={12},
  pages={1382--1390},
  year={2021},
  publisher={Nature Publishing Group UK London}
}
%sinusoidal plane cell MDCK cell growth and locomotion

@article{harmand2021shape,
				  author =       "N. Harmand and A. Huang and S. H{\'e}non",
				  title =        "3D Shape of Epithelial Cells on Curved Substrates",
				  journal =      "Physical Review X",
			      volume =       "11",
				  number =       "031028",
				  pages =        "",
				  year =         "2021"}

@article{mahault2021long,
				  author =       "B. Mahault and H. Chat{\'e}",
				  title =        "Long-Range Nematic Order in Two-Dimensional Active Matter",
				  journal =      "PRL",
			      volume =       "127",
				  number =       "048003",
				  pages =        "",
				  year =         "2021"}
%long-range order paper we can compare with tarjus curvature order parameter range limits

@article{zinati2022dense,
  title = {Dense polar active fluids in a disordered environment},
  author = {Zinati, Riccardo Ben Al\`{\i} and Besse, Marc and Tarjus, Gilles and Tissier, Matthieu},
  journal = {Phys. Rev. E},
  volume = {105},
  issue = {6},
  pages = {064605},
  numpages = {10},
  year = {2022},
  month = {Jun},
  publisher = {American Physical Society},
  doi = {10.1103/PhysRevE.105.064605},
  url = {https://link.aps.org/doi/10.1103/PhysRevE.105.064605}
}

@article{tarjus2011statistical,
  title={Statistical mechanics of liquids and fluids in curved space},
  author={Tarjus, Gilles and Sausset, Fran{\c{c}}ois and Viot, Pascal},
  journal={Advances in Chemical Physics},
  volume={148},
  pages={251--310},
  year={2011},
  publisher={Wiley Online Library}
}

@article{activesphere2015,
				  author =       "R. Sknepnek and S. Henkes",
				  title =        "Active Swarms on a Sphere",
				  journal =      "Physical Review E",
			      volume =       "91",
				  number =       "022306",
				  year =         "2015" }

@article{topsound2017,
				  author =       "S. Shankar and M. J. Bowick and M. C. Marchetti",
				  title =        "Topological Sound and Flocking on Curved Surfaces",
				  journal =      "Physical Review X",
			      volume =       "7",
				  number =       "031039",
				  year =         "2017" }

@article{sussmancurvrigid2020,
				  author =       "D. M. Sussman",
				  title =        "Interplay of Curvature and Rigidity in Shape-Based Models of Confluent Tissue",
				  journal =      "Physical Review Research",
			      volume =       "2",
				  number =       "023417",
				  year =         "2020" }
				  
@article{activepart2016,
				  author =       "Y. Fily and A. Baskaran and M. F. Hagan",
				  title =        "Active Particles on Curved Surfaces",
				  journal =      "arXiv:1601.00324 [cond-mat.soft]",
				  year =         "2016" }
@article{nemeth2024intrinsic,
  title={Intrinsic Langevin dynamics of rigid inclusions on curved surfaces},
  author={N{\'e}meth, Bal{\'a}zs and Adhikari, Ronojoy},
  journal={arXiv preprint arXiv:2405.07539},
  year={2024}
}

@article{optimnav2020,
				  author =       "L. Piro and E. Tang and R. Golestanian",
				  title =        "Optimal navigation strategies for microswimmers on curved manifolds",
				  journal =      "Physical Review Research",
				  volume = "3",
				  number = "023124",
				  year =         "2020" }

@article{compmodels2020,
				  author =       "M. R. Shaebani and A. Wysocki and R. G. Winkler and G. Gompper and H. Rieger",
				  title =        "Computational models for active matter",
				  journal =      "Nature Technical Reviews",
			      volume =       "2",
				  number =       "",
				  pages =        "181-199",
				  year =         "2020" }

@article{chemotaxis2021,
				  author =       "H. D. Vuijk and H. Merlitz and M. Lang and A. Sharma and J. Sommer",
				  title =        "Chemotaxis of Cargo-Carrying Self-Propelled Particles",
				  journal =      "Physical Review Letters",
			      volume =       "126",
				  number =       "208102",
				  year =         "2021" }

@article{alert2022cellular,
  title={Cellular Sensing Governs the Stability of Chemotactic Fronts},
  author={Alert, Ricard and Mart{\'\i}nez-Calvo, Alejandro and Datta, Sujit S},
  journal={Physical Review Letters},
  volume={128},
  number={14},
  pages={148101},
  year={2022},
  publisher={APS}
}

@article{ramamonjy2022nonlinear,
  title={Nonlinear Phototaxis and Instabilities in Suspensions of Light-Seeking Algae},
  author={Ramamonjy, Aina and Dervaux, Julien and Brunet, Philippe},
  journal={Physical Review Letters},
  volume={128},
  number={25},
  pages={258101},
  year={2022},
  publisher={APS}
}

@article{activejam2011,
				  author =       "S. Henkes and Y. Fily and M. C. Marchetti",
				  title =        "Active Jamming: Self-propelled soft particles at high density",
				  journal =      "Physical Review E",
			      volume =       "84",
				  number =       "040301 (R)",
				  year =         "2011" }

@article{actriem2018,
				  author =       "L. Apaza and M. Sandoval",
				  title =        "Active matter on Riemanninan manifolds",
				  journal =      "Soft Matter",
			      volume =       "14",
				  number =       "9928",
				  pages =        "",
				  year =         "2018"}

@article{bidisphere2021,
				  author =       "A. F. Ballard and J. R. Panter and D. J. Wales",
				  title =        "The energy landscapes of bidisperse particle assemblies on a sphere",
				  journal =      "Soft Matter",
			      volume =       "",
				  number =       "",
				  pages =        "",
				  year =         "2021"}

@article{armengol2023epithelia,
  title={Epithelia are multiscale active liquid crystals},
  author={Armengol-Collado, Josep-Maria and Carenza, Livio Nicola and Eckert, Julia and Krommydas, Dimitrios and Giomi, Luca},
  journal={Nature Physics},
  pages={1--7},
  year={2023},
  publisher={Nature Publishing Group UK London}
}

@article{nelson2016buckling,
  title={On buckling morphogenesis},
  author={Nelson, Celeste M},
  journal={Journal of biomechanical engineering},
  volume={138},
  number={2},
  pages={021005},
  year={2016},
  publisher={American Society of Mechanical Engineers}
}

@article{hannezo2014theory,
  title={Theory of epithelial sheet morphology in three dimensions},
  author={Hannezo, Edouard and Prost, Jacques and Joanny, Jean-Francois},
  journal={Proceedings of the National Academy of Sciences},
  volume={111},
  number={1},
  pages={27--32},
  year={2014},
  publisher={National Acad Sciences}
}

@article{trushko2020buckling,
  title={Buckling of an epithelium growing under spherical confinement},
  author={Trushko, Anastasiya and Di Meglio, Ilaria and Merzouki, Aziza and Blanch-Mercader, Carles and Abuhattum, Shada and Guck, Jochen and Alessandri, Kevin and Nassoy, Pierre and Kruse, Karsten and Chopard, Bastien and others},
  journal={Developmental cell},
  volume={54},
  number={5},
  pages={655--668},
  year={2020},
  publisher={Elsevier}
}

@article{venkataramani2019buckling,
  title={Buckling sheets open a door to understanding self-organization in soft matter},
  author={Venkataramani, Shankar C},
  journal={Proceedings of the National Academy of Sciences},
  volume={116},
  number={5},
  pages={1477--1479},
  year={2019},
  publisher={National Acad Sciences}
}

@article{grossman2022instabilities,
  title = {Instabilities and Geometry of Growing Tissues},
  author = {Grossman, Doron and Joanny, Jean-Francois},
  journal = {Phys. Rev. Lett.},
  volume = {129},
  issue = {4},
  pages = {048102},
  numpages = {5},
  year = {2022},
  month = {Jul},
  publisher = {American Physical Society},
  doi = {10.1103/PhysRevLett.129.048102},
  url = {https://link.aps.org/doi/10.1103/PhysRevLett.129.048102}
}

@article{niu2017self,
  title={Self-assembly of colloidal molecules due to self-generated flow},
  author={Niu, Ran and Palberg, Thomas and Speck, Thomas and others},
  journal={Physical Review Letters},
  volume={119},
  number={2},
  pages={028001},
  year={2017},
  publisher={APS}
}

@article{geremie2022evolution,
  title={Evolution of a confluent gut epithelium under on-chip cyclic stretching},
  author={G{\'e}r{\'e}mie, Lauriane and Ilker, Efe and Bernheim-Dennery, Moencopi and Cavaniol, Charles and Viovy, Jean-Louis and Vignjevic, Danijela Matic and Joanny, Jean-Fran{\c{c}}ois and Descroix, St{\'e}phanie},
  journal={Physical Review Research},
  volume={4},
  number={2},
  pages={023032},
  year={2022},
  publisher={APS}
}

@misc{schwarzendahl2022active,
  doi = {10.48550/ARXIV.2205.05185},
  url = {https://arxiv.org/abs/2205.05185},
  author = {Schwarzendahl, Fabian Jan and Beller, Daniel A.},
  keywords = {Soft Condensed Matter (cond-mat.soft), Populations and Evolution (q-bio.PE), FOS: Physical sciences, FOS: Physical sciences, FOS: Biological sciences, FOS: Biological sciences},
  title = {Do active nematic self-mixing dynamics help growing bacterial colonies to maintain local genetic diversity?},
  publisher = {arXiv},
  year = {2022},
  copyright = {arXiv.org perpetual, non-exclusive license}
}

@article{falk2021learning,
  title={Learning to control active matter},
  author={Falk, Martin J and Alizadehyazdi, Vahid and Jaeger, Heinrich and Murugan, Arvind},
  journal={Physical Review Research},
  volume={3},
  number={3},
  pages={033291},
  year={2021},
  publisher={APS}
}

@article{nishide2022pattern,
  title = {Pattern Propagation Driven by Surface Curvature},
  author = {Nishide, Ryosuke and Ishihara, Shuji},
  journal = {Phys. Rev. Lett.},
  volume = {128},
  issue = {22},
  pages = {224101},
  numpages = {6},
  year = {2022},
  month = {Jun},
  publisher = {American Physical Society},
  doi = {10.1103/PhysRevLett.128.224101},
  url = {https://link.aps.org/doi/10.1103/PhysRevLett.128.224101}
}

@article{rajendra2022packing,
  title={Packing and emergence of ordering of rods in a spherical monolayer},
  author={Rajendra, Dharanish and Mandal, Jaydeep and Hatwalne, Yashodhan and Maiti, Prabal K},
  journal={arXiv e-prints},
  pages={arXiv--2206},
  year={2022}
}

@misc{plummer2022curvature,
  doi = {10.48550/ARXIV.2208.01085},
  
  url = {https://arxiv.org/abs/2208.01085},
  
  author = {Plummer, Abigail and Hanakata, Paul Z. and Nelson, David R.},
  
  keywords = {Soft Condensed Matter (cond-mat.soft), Materials Science (cond-mat.mtrl-sci), Statistical Mechanics (cond-mat.stat-mech), FOS: Physical sciences, FOS: Physical sciences},
  
  title = {Curvature as an external field in mechanical antiferromagnets},
  
  publisher = {arXiv},
  
  year = {2022},
  
  copyright = {Creative Commons Attribution 4.0 International}
}

@article{pinto2022cell,
  title={Cell motility in confluent tissues induced by substrate disorder},
  author={Pinto, Diogo EP and da Gama, Margarida M Telo and Ara{\'u}jo, Nuno AM},
  journal={Physical Review Research},
  volume={4},
  number={2},
  pages={023186},
  year={2022},
  publisher={APS}
}

@article{ellis2018curvature,
				  author =       "P. W. Ellis and D. J. G. Pearce and Y. W. Chang and G. Goldsztein and L. Giomi and A. Fernandez-Nieves",
				  title =        "Curvature-induced defect unbinding and dynamics in active nematic toroids",
				  journal =      "Nature Physics",
			      volume =       "14",
				  number =       "",
				  pages =        "85-90",
				  year =         "2018"}

@article{pieuchot2018curvotaxis,
				  author =       "L. Pieuchot and J. Marteau and A. Guignandon and T. Dos Santos and I. Brigaud and P. Chauvy and T. Cloatre and A. Ponche and T. Petithory and P. Rougerie and M. Vassaux and J. Milan and N. T. Wakhloo and A. Spangenberg and M. Bigerelle and K. Anselme",
				  title =        "Curvotaxis directs cell migration through cell-scale curvature landscapes",
				  journal =      "Nature Communications",
			      volume =       "9",
				  number =       "3995",
				  year =         "2018" }

@article{selfconc2004,
				  author =       "C. Dombrowski and L. Cisneros and S. Chatkaew and R. E. Goldstein and J. O. Kessler",
				  title =        "Self-Concentration and Large-Scale Coherence in Bacterial Dynamics",
				  journal =      "Physical Review Letters",
			      volume =       "93",
				  number =       "9",
				  year =         "2004" }

@article{actpol2020,
				  author =       "S. Hermann and M. Schmidt",
				  title =        "Active Interface Polarization as a State Function",
				  journal =      "Physical Review Research",
			      volume =       "2",
				  number =       "022003",
				  year =         "2020" }

@article{concdep2007,
				  author =       "A. Solokov and I. S. Aranson and J. O. Kessler and R. E. Goldstein",
				  title =        "Concentration Dependence of the Collective Dynamics of Swimming Bacteria",
				  journal =      "Physical Review Letters",
			      volume =       "98",
				  number =       "158102",
				  year =         "2007" }	

@article{polarpatts2010,
				  author =       "V. Schaller and C. Weber and C. Semmrich and E. Frey and A. R. Bausch",
				  title =        "Polar patterns of driven filaments",
				  journal =      "Nature Letters",
			      volume =       "467",
				  pages =        "73-77",
				  year =         "2010" }

@article{curvassemb2016,
				  author =       "I. B. Liu and N. Sharifi-Mood and K. J. Stebe",
				  title =        "Curvature-driven assembly in soft matter",
				  journal =      "Phil. Trans. R. Soc. A",
			      volume =       "374",
				  number =       "20150133",
				  year =         "2016" }
@article{schonhofer2022curvature,
  title={Curvature-controlled geometrical lensing behavior in self-propelled colloidal particle systems},
  author={Sch{\"o}nh{\"o}fer, Philipp WA and Glotzer, Sharon C},
  journal={Soft Matter},
  volume={18},
  number={45},
  pages={8561--8571},
  year={2022},
  publisher={Royal Society of Chemistry}
}

@article{curvswarm2017,
				  author =       "I. R. Bruss and S. C. Glotzer",
				  title =        "Curvature-induced microswarming",
				  journal =      "Soft Matter",
			      volume =       "13",
				  pages =        "5117-5121",
				  year =         "2017" }	

@article{defectscurv2004,
				  author =       "V. Vitelli and A. M. Turner",
				  title =        "Anomalous Coupling Between Topological Defects and Curvature",
				  journal =      "Physical Review Letters",
			      volume =       "93",
				  number =       "21",
				  pages =        "",
				  year =         "2004" }	
@article{radja2019pollen,
  title={Pollen cell wall patterns form from modulated phases},
  author={Radja, Asja and Horsley, Eric M and Lavrentovich, Maxim O and Sweeney, Alison M},
  journal={Cell},
  volume={176},
  number={4},
  pages={856--868},
  year={2019},
  publisher={Elsevier}
}
@article{lavrentovich2016first,
  title={First-order patterning transitions on a sphere as a route to cell morphology},
  author={Lavrentovich, Maxim O and Horsley, Eric M and Radja, Asja and Sweeney, Alison M and Kamien, Randall D},
  journal={Proceedings of the National Academy of Sciences},
  volume={113},
  number={19},
  pages={5189--5194},
  year={2016},
  publisher={National Acad Sciences}
}
@article{happel2022effects,
  title={Effects of curvature on epithelial tissue-coordinated rotational movement and other spatiotemporal arrangements},
  author={Happel, Lea and Wenzel, Dennis and Voigt, Axel},
  journal={Europhysics Letters},
  year={2022},
  publisher={IOP Publishing}
}
@article{jantzen2012geodesics,
  title={Geodesics on the torus and other surfaces of revolution clarified using undergraduate physics tricks with bonus: nonrelativistic and relativistic Kepler problems},
  author={Jantzen, Robert T},
  journal={arXiv preprint arXiv:1212.6206},
  year={2012}
}
@article{post1986statistical,
  title={Statistical thermodynamics of particles adsorbed onto a spherical surface. I. Canonical ensemble},
  author={Post, Albert J and Glandt, Eduardo D},
  journal={The Journal of chemical physics},
  volume={85},
  number={12},
  pages={7349--7358},
  year={1986},
  publisher={American Institute of Physics}
}
@article{toukmaji1996ewald,
  title={Ewald summation techniques in perspective: a survey},
  author={Toukmaji, Abdulnour Y and Board Jr, John A},
  journal={Computer physics communications},
  volume={95},
  number={2-3},
  pages={73--92},
  year={1996},
  publisher={Elsevier}
}

@article{giomi2007crystalline,
  title={Crystalline order on Riemannian manifolds with variable Gaussian curvature and boundary},
  author={Giomi, Luca and Bowick, Mark},
  journal={Physical Review B},
  volume={76},
  number={5},
  pages={054106},
  year={2007},
  publisher={APS}
}
@article{agarwal2021predicting,
  title={Predicting the characteristics of defect transitions on curved surfaces},
  author={Agarwal, Siddhansh and Hilgenfeldt, Sascha},
  journal={Soft Matter},
  volume={17},
  number={15},
  pages={4059--4068},
  year={2021},
  publisher={Royal Society of Chemistry}
}
@article{vicsek1995novel,
  title={Novel type of phase transition in a system of self-driven particles},
  author={Vicsek, Tam{\'a}s and Czir{\'o}k, Andr{\'a}s and Ben-Jacob, Eshel and Cohen, Inon and Shochet, Ofer},
  journal={Physical review letters},
  volume={75},
  number={6},
  pages={1226},
  year={1995},
  publisher={APS}
}
@article{bitzek2006structural,
  title={Structural relaxation made simple},
  author={Bitzek, Erik and Koskinen, Pekka and G{\"a}hler, Franz and Moseler, Michael and Gumbsch, Peter},
  journal={Physical review letters},
  volume={97},
  number={17},
  pages={170201},
  year={2006},
  publisher={APS}
}
@incollection{cgalklcdvtsmsp23b,
  author = {Stephen Kiazyk and S{\'e}bastien Loriot and {\'E}ric Colin de Verdi{\`e}re},
  title = {Triangulated Surface Mesh Shortest Paths},
  publisher = {{CGAL Editorial Board}},
  edition = {{5.6}},
  booktitle = {{CGAL} User and Reference Manual},
  url = {https://doc.cgal.org/5.6/Manual/packages.html#PkgSurfaceMeshShortestPath},
  year = 2023
}

@inproceedings{gabriel2004open,
  title={Open MPI: Goals, concept, and design of a next generation MPI implementation},
  author={Gabriel, Edgar and Fagg, Graham E and Bosilca, George and Angskun, Thara and Dongarra, Jack J and Squyres, Jeffrey M and Sahay, Vishal and Kambadur, Prabhanjan and Barrett, Brian and Lumsdaine, Andrew and others},
  booktitle={Recent Advances in Parallel Virtual Machine and Message Passing Interface: 11th European PVM/MPI Users’ Group Meeting Budapest, Hungary, September 19-22, 2004. Proceedings 11},
  pages={97--104},
  year={2004},
  organization={Springer}
}
@misc{polyscope,
  title = {Polyscope},
  author = {Nicholas Sharp and others},
  note = {www.polyscope.run},
  year = {2019}
}
@article{giomi2008defective,
  title={Defective ground states of toroidal crystals},
  author={Giomi, Luca and Bowick, Mark J},
  journal={Physical Review E},
  volume={78},
  number={1},
  pages={010601},
  year={2008},
  publisher={APS}
}
@article{giomi2008elastic,
  title={Elastic theory of defects in toroidal crystals},
  author={Giomi, Luca and Bowick, Mark J},
  journal={The European Physical Journal E},
  volume={27},
  pages={275--296},
  year={2008},
  publisher={Springer}
}

@article{yaman2019emergence,
  title={Emergence of active nematics in chaining bacterial biofilms},
  author={Yaman, Yusuf Ilker and Demir, Esin and Vetter, Roman and Kocabas, Askin},
  journal={Nature communications},
  volume={10},
  number={1},
  pages={1--9},
  year={2019},
  publisher={Nature Publishing Group}
}
@article{modes2007hard,
  title={Hard disks on the hyperbolic plane},
  author={Modes, Carl D and Kamien, Randall D},
  journal={Physical review letters},
  volume={99},
  number={23},
  pages={235701},
  year={2007},
  publisher={APS}
}
@article{sussman2017cellgpu,
  title={cellGPU: Massively parallel simulations of dynamic vertex models},
  author={Sussman, Daniel M},
  journal={Computer Physics Communications},
  volume={219},
  pages={400--406},
  year={2017},
  publisher={Elsevier}
}

@article{toner1995long,
  title={Long-range order in a two-dimensional dynamical XY model: how birds fly together},
  author={Toner, John and Tu, Yuhai},
  journal={Physical review letters},
  volume={75},
  number={23},
  pages={4326},
  year={1995},
  publisher={APS}
}

@incollection{polthier2006straightest,
  title={Straightest geodesics on polyhedral surfaces},
  author={Polthier, Konrad and Schmies, Markus},
  booktitle={ACM SIGGRAPH 2006 Courses},
  publisher={Association for Computing Machinery},
  pages={30--38},
  year={2006}
}

@article{bowick2009two,
  title={Two-dimensional matter: order, curvature and defects},
  author={Bowick, Mark J and Giomi, Luca},
  journal={Advances in Physics},
  volume={58},
  number={5},
  pages={449--563},
  year={2009},
  publisher={Taylor \& Francis}
}

@article{dinsmore2002colloidosomes,
  title={Colloidosomes: selectively permeable capsules composed of colloidal particles},
  author={Dinsmore, AD and Hsu, Ming F and Nikolaides, MG and Marquez, Manuel and Bausch, AR and Weitz, DA},
  journal={Science},
  volume={298},
  number={5595},
  pages={1006--1009},
  year={2002},
  publisher={American Association for the Advancement of Science}
}

@article{leunissen2007electrostatics,
  title={Electrostatics at the oil--water interface, stability, and order in emulsions and colloids},
  author={Leunissen, Mirjam E and Van Blaaderen, Alfons and Hollingsworth, Andrew D and Sullivan, Matthew T and Chaikin, Paul M},
  journal={Proceedings of the National Academy of Sciences},
  volume={104},
  number={8},
  pages={2585--2590},
  year={2007},
  publisher={National Acad Sciences}
}

@article{cavagna2015flocking,
  title={Flocking and turning: a new model for self-organized collective motion},
  author={Cavagna, Andrea and Del Castello, Lorenzo and Giardina, Irene and Grigera, Tomas and Jelic, Asja and Melillo, Stefania and Mora, Thierry and Parisi, Leonardo and Silvestri, Edmondo and Viale, Massimiliano and others},
  journal={Journal of Statistical Physics},
  volume={158},
  pages={601--627},
  year={2015},
  publisher={Springer}
}

@article{gregoire2004onset,
  title={Onset of collective and cohesive motion},
  author={Gr{\'e}goire, Guillaume and Chat{\'e}, Hugues},
  journal={Physical review letters},
  volume={92},
  number={2},
  pages={025702},
  year={2004},
  publisher={APS}
}

@article{dombrowski2004self,
  title={Self-concentration and large-scale coherence in bacterial dynamics},
  author={Dombrowski, Christopher and Cisneros, Luis and Chatkaew, Sunita and Goldstein, Raymond E and Kessler, John O},
  journal={Physical review letters},
  volume={93},
  number={9},
  pages={098103},
  year={2004},
  publisher={APS}
}

@article{vuijk2021chemotaxis,
  title={Chemotaxis of cargo-carrying self-propelled particles},
  author={Vuijk, Hidde D and Merlitz, Holger and Lang, Michael and Sharma, Abhinav and Sommer, Jens-Uwe},
  journal={Physical Review Letters},
  volume={126},
  number={20},
  pages={208102},
  year={2021},
  publisher={APS}
}

@article{ehrig2017curvature,
  title={Curvature-controlled defect dynamics in active systems},
  author={Ehrig, Sebastian and Ferracci, Jonathan and Weinkamer, Richard and Dunlop, John WC},
  journal={Physical Review E},
  volume={95},
  number={6},
  pages={062609},
  year={2017},
  publisher={APS}
}

@article{alaimo2017curvature,
  title={Curvature controlled defect dynamics in topological active nematics},
  author={Alaimo, Francesco and K{\"o}hler, Christian and Voigt, Axel},
  journal={Scientific reports},
  volume={7},
  number={1},
  pages={5211},
  year={2017},
  publisher={Nature Publishing Group UK London}
}

@article{hall2021bacterial,
  title={Bacterial biofilm growth on 3D-printed materials},
  author={Hall Jr, Donald C and Palmer, Phillip and Ji, Hai-Feng and Ehrlich, Garth D and Kr{\'o}l, Jaros{\l}aw E},
  journal={Frontiers in Microbiology},
  volume={12},
  pages={646303},
  year={2021},
  publisher={Frontiers Media SA}
}

@article{yu2021spatiotemporal,
  title={Spatiotemporal oscillation in confined epithelial motion upon fluid-to-solid transition},
  author={Yu, Jing and Cai, Pingqiang and Zhang, Xiaoqian and Zhao, Tiankai and Liang, Linlin and Zhang, Sulin and Liu, Hong and Chen, Xiaodong},
  journal={ACS nano},
  volume={15},
  number={4},
  pages={7618--7627},
  year={2021},
  publisher={ACS Publications}, 
  annote={This is the source of a cool cell dynamics movie that
         I plan to use in my march meeting talk. Also, a neat
         example of studying 2-D epithelia.}
}

@article{gheisari2020gastrulation,
  title={Gastrulation in Drosophila melanogaster: Genetic control, cellular basis and biomechanics},
  author={Gheisari, Elham and Aakhte, Mostafa and M{\"u}ller, H-Arno J},
  journal={Mechanisms of Development},
  volume={163},
  pages={103629},
  year={2020},
  publisher={Elsevier},
  annote={Source of a video on d. melanogaster gastrulation 
         that I plan to use in my march meeting talk. Also, a 
         good review on the surfaces and environments of 
         d. melanogaster gastrulation.}
}

@article{happel2024coordinated,
  title={Coordinated motion of epithelial layers on curved surfaces},
  author={Happel, Lea and Voigt, Axel},
  journal={Physical Review Letters},
  volume={132},
  number={7},
  pages={078401},
  year={2024},
  publisher={APS}
}

@article{tomlinson2022controlled,
  title={Controlled transitions between phyllotactic states of repulsive particles confined on the surface of a cylinder},
  author={Tomlinson, AA and Wilkin, NK},
  journal={Europhysics Letters},
  volume={136},
  number={3},
  pages={38001},
  year={2022},
  publisher={IOP Publishing}
}

@inproceedings{botsch2004remeshing,
  title={A remeshing approach to multiresolution modeling},
  author={Botsch, Mario and Kobbelt, Leif},
  booktitle={Proceedings of the 2004 Eurographics/ACM SIGGRAPH symposium on Geometry processing},
  pages={185--192},
  year={2004}
}

@inproceedings{jaxmd2020,
 author = {Schoenholz, Samuel S. and Cubuk, Ekin D.},
 booktitle = {Advances in Neural Information Processing Systems},
 publisher = {Curran Associates, Inc.},
 title = {JAX M.D. A Framework for Differentiable Physics},
 url = {https://papers.nips.cc/paper/2020/file/83d3d4b6c9579515e1679aca8cbc8033-Paper.pdf},
 volume = {33},
 year = {2020}
}
@article{anderson2020hoomd,
  title={HOOMD-blue: A Python package for high-performance molecular dynamics and hard particle Monte Carlo simulations},
  author={Anderson, Joshua A and Glaser, Jens and Glotzer, Sharon C},
  journal={Computational Materials Science},
  volume={173},
  pages={109363},
  year={2020},
  publisher={Elsevier}
}
@article{thompson2022lammps,
  title={LAMMPS-a flexible simulation tool for particle-based materials modeling at the atomic, meso, and continuum scales},
  author={Thompson, Aidan P and Aktulga, H Metin and Berger, Richard and Bolintineanu, Dan S and Brown, W Michael and Crozier, Paul S and In't Veld, Pieter J and Kohlmeyer, Axel and Moore, Stan G and Nguyen, Trung Dac and others},
  journal={Computer Physics Communications},
  volume={271},
  pages={108171},
  year={2022},
  publisher={Elsevier}
}


@article{howard2016efficient,
  title={Efficient neighbor list calculation for molecular simulation of colloidal systems using graphics processing units},
  author={Howard, Michael P and Anderson, Joshua A and Nikoubashman, Arash and Glotzer, Sharon C and Panagiotopoulos, Athanassios Z},
  journal={Computer Physics Communications},
  volume={203},
  pages={45--52},
  year={2016},
  publisher={Elsevier}
}
@article{muller1997simple,
  title={A simple nonequilibrium molecular dynamics method for calculating the thermal conductivity},
  author={M{\"u}ller-Plathe, Florian},
  journal={The Journal of chemical physics},
  volume={106},
  number={14},
  pages={6082--6085},
  year={1997},
  publisher={American Institute of Physics}
}
@article{yamamoto2022non,
  title={Non-monotonic fluidization generated by fluctuating edge tensions in confluent tissues},
  author={Yamamoto, Takaki and Sussman, Daniel M and Shibata, Tatsuo and Manning, M Lisa},
  journal={Soft Matter},
  volume={18},
  number={11},
  pages={2168--2175},
  year={2022},
  publisher={Royal Society of Chemistry}
}
@article{mishra2010fluctuations,
  title={Fluctuations and pattern formation in self-propelled particles},
  author={Mishra, Shradha and Baskaran, Aparna and Marchetti, M Cristina},
  journal={Physical Review E},
  volume={81},
  number={6},
  pages={061916},
  year={2010},
  publisher={APS}
}
@article{schoenholz2021jax,
  title={JAX, MD A framework for differentiable physics},
  author={Schoenholz, Samuel S and Cubuk, Ekin D},
  journal={Journal of Statistical Mechanics: Theory and Experiment},
  volume={2021},
  number={12},
  pages={124016},
  year={2021},
  publisher={IOP Publishing}
}
@book{needham2021visual,
  title={Visual differential geometry and forms: a mathematical drama in five acts},
  author={Needham, Tristan},
  year={2021},
  publisher={Princeton University Press}
}

@book{frenkel2023understanding,
  title={Understanding molecular simulation: from algorithms to applications},
  author={Frenkel, Daan and Smit, Berend},
  year={2023},
  publisher={Elsevier}
}

@article{liu2022two,
  title={Two-Stage Structural and Slowing-Down Percolation Transitions in the Densifying Cancer Cell Monolayer},
  author={Liu, Chun-Yu and Zhang, Yun-Xuan and Lin, I},
  journal={Physical Review Letters},
  volume={129},
  number={14},
  pages={148102},
  year={2022},
  publisher={APS}
}

@article{dachner2022visual,
  title={The visual coupling between neighbours explains local interactions underlying human ‘flocking'},
  author={Dachner, Gregory C and Wirth, Trenton D and Richmond, Emily and Warren, William H},
  journal={Proceedings of the Royal Society B},
  volume={289},
  number={1970},
  pages={20212089},
  year={2022},
  publisher={The Royal Society}
}

@article{ozbey2019inertial,
  title={Inertial focusing of cancer cell lines in curvilinear microchannels},
  author={Ozbey, Arzu and Karimzadehkhouei, Mehrdad and Kocaturk, Nur M and Bilir, Secil Erbil and Kutlu, Ozlem and Gozuacik, Devrim and Kosar, Ali},
  journal={Micro and Nano Engineering},
  volume={2},
  pages={53--63},
  year={2019},
  publisher={Elsevier}
}

@article{hollingsworth2018molecular,
  title={Molecular dynamics simulation for all},
  author={Hollingsworth, Scott A and Dror, Ron O},
  journal={Neuron},
  volume={99},
  number={6},
  pages={1129--1143},
  year={2018},
  publisher={Elsevier}
}

@article{shaebani2020computational,
  title={Computational models for active matter},
  author={Shaebani, M Reza and Wysocki, Adam and Winkler, Roland G and Gompper, Gerhard and Rieger, Heiko},
  journal={Nature Reviews Physics},
  volume={2},
  number={4},
  pages={181--199},
  year={2020},
  publisher={Nature Publishing Group UK London}
}

@article{de2023mechanical,
  title={Mechanical waves identify the amputation position during wound healing in the amputated zebrafish tailfin},
  author={De Leon, Marco P and Wen, Fu-Lai and Paylaga, Giovanni J and Wang, Ying-Ting and Roan, Hsiao-Yuh and Wang, Chung-Han and Hsiao, Chung-Der and Lin, Keng-Hui and Chen, Chen-Hui},
  journal={Nature Physics},
  pages={1--9},
  year={2023},
  publisher={Nature Publishing Group UK London}
}
@article{thomas2023shape,
  title={Shape-driven confluent rigidity transition in curved biological tissues},
  author={Thomas, Evan C and Hopyan, Sevan},
  journal={Biophysical Journal},
  volume={122},
  number={21},
  pages={4264--4273},
  year={2023},
  publisher={Elsevier}
}
@article{osterfield2013three,
  title={Three-dimensional epithelial morphogenesis in the developing Drosophila egg},
  author={Osterfield, Miriam and Du, XinXin and Sch{\"u}pbach, Trudi and Wieschaus, Eric and Shvartsman, Stanislav Y},
  journal={Developmental cell},
  volume={24},
  number={4},
  pages={400--410},
  year={2013},
  publisher={Elsevier}
}

@article{balasubramanian2008exact,
  title={Exact geodesics and shortest paths on polyhedral surfaces},
  author={Balasubramanian, Mukund and Polimeni, Jonathan R and Schwartz, Eric L},
  journal={IEEE transactions on pattern analysis and machine intelligence},
  volume={31},
  number={6},
  pages={1006--1016},
  year={2008},
  publisher={IEEE}
}

@article{surazhsky2005fast,
  title={Fast exact and approximate geodesics on meshes},
  author={Surazhsky, Vitaly and Surazhsky, Tatiana and Kirsanov, Danil and Gortler, Steven J and Hoppe, Hugues},
  journal={ACM transactions on graphics (TOG)},
  volume={24},
  number={3},
  pages={553--560},
  year={2005},
  publisher={Acm New York, NY, USA}
}

@article{mitchell1987discrete,
  title={The discrete geodesic problem},
  author={Mitchell, Joseph SB and Mount, David M and Papadimitriou, Christos H},
  journal={SIAM Journal on Computing},
  volume={16},
  number={4},
  pages={647--668},
  year={1987},
  publisher={SIAM}
}

@article{xin2022surfacevoronoi,
  title={SurfaceVoronoi: Efficiently computing voronoi diagrams over mesh surfaces with arbitrary distance solvers},
  author={Xin, Shiqing and Wang, Pengfei and Xu, Rui and Yan, Dongming and Chen, Shuangmin and Wang, Wenping and Zhang, Caiming and Tu, Changhe},
  journal={ACM Transactions on Graphics (TOG)},
  volume={41},
  number={6},
  pages={1--12},
  year={2022},
  publisher={ACM New York, NY, USA}
}
@article{xin2009improving,
  title={Improving Chen and Han's algorithm on the discrete geodesic problem},
  author={Xin, Shi-Qing and Wang, Guo-Jin},
  journal={ACM Transactions on Graphics (TOG)},
  volume={28},
  number={4},
  pages={1--8},
  year={2009},
  publisher={ACM New York, NY, USA}
}

@inproceedings{chen1990shortest,
  title={Shortest paths on a polyhedron},
  author={Chen, Jindong and Han, Yijie},
  booktitle={Proceedings of the sixth annual symposium on Computational geometry},
  pages={360--369},
  year={1990}
}
@article{agarwal2020simple,
  title={Simple, general criterion for onset of disclination disorder on curved surfaces},
  author={Agarwal, Siddhansh and Hilgenfeldt, Sascha},
  journal={Physical review letters},
  volume={125},
  number={7},
  pages={078003},
  year={2020},
  publisher={APS}
}

@book{cgaleb23b,
  title = {{CGAL} User and Reference Manual},
  author = {{The CGAL Project}},
  publisher = {{CGAL Editorial Board}},
  edition = {{5.6}},
  year = 2023,
  url = {https://doc.cgal.org/5.6/Manual/packages.html}
}

@article{crane2017heat,
  title={The heat method for distance computation},
  author={Crane, Keenan and Weischedel, Clarisse and Wardetzky, Max},
  journal={Communications of the ACM},
  volume={60},
  number={11},
  pages={90--99},
  year={2017},
  publisher={ACM New York, NY, USA}
}

@article{crane2020survey,
  title={A survey of algorithms for geodesic paths and distances},
  author={Crane, Keenan and Livesu, Marco and Puppo, Enrico and Qin, Yipeng},
  journal={arXiv preprint arXiv:2007.10430},
  year={2020}
}

@article{crane2018discrete,
  title={Discrete differential geometry: An applied introduction},
  author={Crane, Keenan},
  journal={Notices of the AMS, Communication},
  volume={1153},
  year={2018}
}
