@article{adler1988multiphase,
  title={Multiphase flow in porous media},
  author={Adler, Pierre M and Brenner, Howard},
  journal={Annual review of fluid mechanics},
  volume={20},
  number={1},
  pages={35--59},
  year={1988},
  publisher={Annual Reviews 4139 El Camino Way, PO Box 10139, Palo Alto, CA 94303-0139, USA}
}

@manual{MATLAB:R2020b,
  address = {Natick, Massachusetts},
  organization = {The Mathworks, Inc.},
  title = {{MATLAB R2020b}},
  year = {2020},
}

@article{YueInPrep2023,
 title = {},
  author = {Yue, Haicen and Sussman, Daniel M.},
  journal = {In preparation},
  year = {2023},
}

@article{paulsen2013pre,
  title = {Approach and coalescence of liquid drops in air},
  author = {Paulsen, Joseph D.},
  journal = {Phys. Rev. E},
  volume = {88},
  issue = {6},
  pages = {063010},
  numpages = {13},
  year = {2013},
  month = {Dec},
  publisher = {American Physical Society},
}


@article{anthony2020coalescence,
  title = {Initial regime of drop coalescence},
  author = {Anthony, Christopher R. and Harris, Michael T. and Basaran, Osman A.},
  journal = {Phys. Rev. Fluids},
  volume = {5},
  issue = {3},
  pages = {033608},
  numpages = {22},
  year = {2020},
  month = {Mar},
  publisher = {American Physical Society},
}

@book{karttunen2004novel,
  title={Novel methods in soft matter simulations},
  author={Karttunen, Mikko and Vattulainen, Ilpo and Lukkarinen, Ari},
  volume={640},
  year={2004},
  publisher={Springer Science \& Business Media}
}

@article{barkat2011basics,
  title={Basics of pharmaceutical emulsions: A review},
  author={Barkat, Ali Khan and Naveed, Akhtar and Haji, Muhammad Shoaib Khan and Khalid, Waseem and Tariq, Mahmood and Akhtar, Rasul and Muhammad, Iqbal and Haroon, Khan},
  journal={African Journal of Pharmacy and Pharmacology},
  volume={5},
  number={25},
  pages={2715--2725},
  year={2011},
  publisher={Academic Journals}
}
@article{caragineSurfaceFluctuationsCoalescence2018a,
 title={Surface fluctuations and coalescence of nucleolar droplets in the human cell nucleus},
  author={Caragine, Christina M and Haley, Shannon C and Zidovska, Alexandra},
  journal={Physical review letters},
  volume={121},
  number={14},
  pages={148101},
  year={2018},
  publisher={APS}
}

@article{popinet2018numerical,
  title={Numerical models of surface tension},
  author={Popinet, St{\'e}phane},
  journal={Annual Review of Fluid Mechanics},
  volume={50},
  pages={49--75},
  year={2018}
}

@article{perumantath2019MD,
  title = {Droplet Coalescence is Initiated by Thermal Motion},
  author = {Perumanath, Sreehari and Borg, Matthew K. and Chubynsky, Mykyta V. and Sprittles, James E. and Reese, Jason M.},
  journal = {Phys. Rev. Lett.},
  volume = {122},
  issue = {10},
  pages = {104501},
  numpages = {6},
  year = {2019},
  month = {Mar},
  publisher = {American Physical Society},
}


@article{cavagnaFlockingTurningNew2015,
	title={Flocking and turning: a new model for self-organized collective motion},
  author={Cavagna, Andrea and Del Castello, Lorenzo and Giardina, Irene and Grigera, Tomas and Jelic, Asja and Melillo, Stefania and Mora, Thierry and Parisi, Leonardo and Silvestri, Edmondo and Viale, Massimiliano and others},
  journal={Journal of Statistical Physics},
  volume={158},
  number={3},
  pages={601--627},
  year={2015},
  publisher={Springer}
}

@article{eggersCoalescenceLiquidDrops1999a,
  title={Coalescence of liquid drops},
  author={Eggers, Jens and Lister, John R and Stone, Howard A},
  journal={Journal of Fluid Mechanics},
  volume={401},
  pages={293--310},
  year={1999},
  publisher={Cambridge University Press}
}

@article{flennerKineticMonteCarlo2012,
  title={Kinetic Monte Carlo and cellular particle dynamics simulations of multicellular systems},
  author={Flenner, Elijah and Janosi, Lorant and Barz, Bogdan and Neagu, Adrian and Forgacs, Gabor and Kosztin, Ioan},
  journal={Physical Review E},
  volume={85},
  number={3},
  pages={031907},
  year={2012},
  publisher={APS}
}
@article{grabowski2013growth,
  title={Growth of cloud droplets in a turbulent environment},
  author={Grabowski, Wojciech W and Wang, Lian-Ping},
  journal={Annual review of fluid mechanics},
  volume={45},
  number={1},
  pages={293--324},
  year={2013},
  publisher={Annual Reviews, Inc., 4139 El Camino Way Box 10139 Palo Alto CA 94303-0139~â€¦}
}

@article{grosserCellNucleusShape2021a,
 title={Cell and nucleus shape as an indicator of tissue fluidity in carcinoma},
  author={Grosser, Steffen and Lippoldt, J{\"u}rgen and Oswald, Linda and Merkel, Matthias and Sussman, Daniel M and Renner, Fr{\'e}d{\'e}ric and Gottheil, Pablo and Morawetz, Erik W and Fuhs, Thomas and Xie, Xiaofan and others},
  journal={Physical Review X},
  volume={11},
  number={1},
  pages={011033},
  year={2021},
  publisher={APS}
}

@article{heinenDropletCoalescenceMolecular2022a,
  title={Droplet coalescence by molecular dynamics and phase-field modeling},
  author={Heinen, Matthias and Hoffmann, Marco and Diewald, Felix and Seckler, Steffen and Langenbach, Kai and Vrabec, Jadran},
  journal={Physics of Fluids},
  volume={34},
  number={4},
  pages={042006},
  year={2022},
  publisher={AIP Publishing LLC}
}

@article{hessGeneralizedHydrodynamicsSystems1983,
 title={Generalized hydrodynamics of systems of Brownian particles},
  author={Hess, W and Klein, R},
  journal={Advances in Physics},
  volume={32},
  number={2},
  pages={173--283},
  year={1983},
  publisher={Taylor \& Francis}
}

@article{hopperCoalescenceTwoViscous1993,
 title={Coalescence of two viscous cylinders by capillarity: Part I, theory},
  author={Hopper, Robert W},
  journal={Journal of the american ceramic society},
  volume={76},
  number={12},
  pages={2947--2952},
  year={1993},
  publisher={Wiley Online Library}
}

@article{hopperCoalescenceTwoViscous1993a,
  title={Coalescence of two viscous cylinders by capillarity: Part II, Shape evolution},
  author={Hopper, Robert W},
  journal={Journal of the American Ceramic Society},
  volume={76},
  number={12},
  pages={2953--2960},
  year={1993},
  publisher={Wiley Online Library}
}
@article{hussein2019application,
  title={Application of emulsion and Pickering emulsion liquid membrane technique for wastewater treatment: an overview},
  author={Hussein, Maad A and Mohammed, Ahmed A and Atiya, Mohammed A},
  journal={Environmental Science and Pollution Research},
  volume={26},
  number={36},
  pages={36184--36204},
  year={2019},
  publisher={Springer}
}
@article{koshelevaCellSpheroidFusion2020a,
   title={Cell spheroid fusion: beyond liquid drops model},
  author={Kosheleva, Nastasia V and Efremov, Yuri M and Shavkuta, Boris S and Zurina, Irina M and Zhang, Deying and Zhang, Yuanyuan and Minaev, Nikita V and Gorkun, Anastasiya A and Wei, Shicheng and Shpichka, Anastasia I and others},
  journal={Scientific reports},
  volume={10},
  number={1},
  pages={1--15},
  year={2020},
  publisher={Nature Publishing Group}
}

@article{martinez-herreraViscousSinteringSpherical1995,
  title={Viscous sintering of spherical particles via finite element analysis},
  author={Mart{\'\i}nez-Herrera, Jorge I and Derby, Jeffrey J},
  journal={Journal of the American Ceramic Society},
  volume={78},
  number={3},
  pages={645--649},
  year={1995},
  publisher={Wiley Online Library}
}

@article{mazurViscoelasticEffectsCoalescence1994,
 title={Viscoelastic effects in the coalescence of polymer particles},
  author={Mazur, Stephen and Plazek, Donald J},
  journal={Progress in organic coatings},
  volume={24},
  number={1-4},
  pages={225--236},
  year={1994},
  publisher={Elsevier}
}
@article{weon2011colloid,
  title={Colloid coalescence with focused x rays},
  author={Weon, BM and Kim, JT and Je, JH and Yi, JM and Wang, S and Lee, W-K},
  journal={Physical Review Letters},
  volume={107},
  number={1},
  pages={018301},
  year={2011},
  publisher={APS}
}
@article{dobler1992coalescence,
  title={Coalescence mechanisms of polymer colloids: I. Coalescence under the influence of particle-water interfacial tension},
  author={Dobler, F and Pith, T and Lambla, M and Holl, Y},
  journal={Journal of colloid and interface science},
  volume={152},
  number={1},
  pages={1--11},
  year={1992},
  publisher={Elsevier}
}
@article{menchaca2001coalescence,
  title={Coalescence of liquid drops by surface tension},
  author={Menchaca-Rocha, A and Mart{\'\i}nez-D{\'a}valos, ANRS and Nunez, R and Popinet, S and Zaleski, S},
  journal={Physical Review E},
  volume={63},
  number={4},
  pages={046309},
  year={2001},
  publisher={APS}
}
@article{oriola2022arrested,
  title={Arrested coalescence of multicellular aggregates},
  author={Oriola, David and Marin-Riera, Miquel and Anla{\c{s}}, Kerim and Gritti, Nicola and Sanaki-Matsumiya, Marina and Aalderink, Germaine and Ebisuya, Miki and Sharpe, James and Trivedi, Vikas},
  journal={Soft Matter},
  volume={18},
  number={19},
  pages={3771--3780},
  year={2022},
  publisher={Royal Society of Chemistry}
}

@article{paulsenCoalescenceBubblesDrops2014,
  title={Coalescence of bubbles and drops in an outer fluid},
  author={Paulsen, Joseph D and Carmigniani, R{\'e}mi and Kannan, Anerudh and Burton, Justin C and Nagel, Sidney R},
  journal={Nature communications},
  volume={5},
  number={1},
  pages={1--7},
  year={2014},
  publisher={Nature Publishing Group}
}


@article{shuravin2019coalescence,
  title={Coalescence of viscous two-dimensional smectic islands},
  author={Shuravin, NS and Dolganov, PV and Dolganov, VK},
  journal={Physical Review E},
  volume={99},
  number={6},
  pages={062702},
  year={2019},
  publisher={APS}
}

@article{paulsenInexorableResistanceInertia2012a,
  title={The inexorable resistance of inertia determines the initial regime of drop coalescence},
  author={Paulsen, Joseph D and Burton, Justin C and Nagel, Sidney R and Appathurai, Santosh and Harris, Michael T and Basaran, Osman A},
  journal={Proceedings of the National Academy of Sciences},
  volume={109},
  number={18},
  pages={6857--6861},
  year={2012},
  publisher={National Acad Sciences}
}


@article{paulsenViscousInertialCrossover2011,
 title={Viscous to inertial crossover in liquid drop coalescence},
  author={Paulsen, Joseph D and Burton, Justin C and Nagel, Sidney R},
  journal={Physical Review Letters},
  volume={106},
  number={11},
  pages={114501},
  year={2011},
  publisher={APS}
}

@article{pawarArrestedCoalescenceViscoelastic2012a,
  title={Arrested coalescence of viscoelastic droplets with internal microstructure},
  author={Pawar, Amar B and Caggioni, Marco and Hartel, Richard W and Spicer, Patrick T},
  journal={Faraday discussions},
  volume={158},
  number={1},
  pages={341--350},
  year={2012},
  publisher={Royal Society of Chemistry}
}

@article{pothier2012molecular,
  title={Molecular-dynamics study of the viscous to inertial crossover in nanodroplet coalescence},
  author={Pothier, Jean-Christophe and Lewis, Laurent J},
  journal={Physical Review B},
  volume={85},
  number={11},
  pages={115447},
  year={2012},
  publisher={APS}
}

@article{mclean_saffman_1981, 
title={The effect of surface tension on the shape of fingers in a Hele Shaw cell}, 
volume={102}, 
journal={Journal of Fluid Mechanics}, publisher={Cambridge University Press}, author={McLean, J. W. and Saffman, P. G.}, year={1981}, 
pages={455â€“469}}

@article{homsy1987porous,
author = {Homsy, G M},
title = {Viscous Fingering in Porous Media},
journal = {Annual Review of Fluid Mechanics},
volume = {19},
number = {1},
pages = {271-311},
year = {1987},
}


@article{wu2004scaling,
  title={Scaling law in liquid drop coalescence driven by surface tension},
  author={Wu, Mingming and Cubaud, Thomas and Ho, Chih-Ming},
  journal={Physics of Fluids},
  volume={16},
  number={7},
  pages={L51--L54},
  year={2004},
  publisher={American Institute of Physics}
}
@article{sun2015recent,
  title={Recent advances in controlling the depositing morphologies of inkjet droplets},
  author={Sun, Jiazhen and Bao, Bin and He, Min and Zhou, Haihua and Song, Yanlin},
  journal={ACS applied materials \& interfaces},
  volume={7},
  number={51},
  pages={28086--28099},
  year={2015},
  publisher={ACS Publications}
}

@article{tan2021application,
  title={Application of advanced emulsion technology in the food industry: A review and critical evaluation},
  author={Tan, Chen and McClements, David Julian},
  journal={Foods},
  volume={10},
  number={4},
  pages={812},
  year={2021},
  publisher={MDPI}
}
@article{alert2020physical,
  title={Physical models of collective cell migration},
  author={Alert, Ricard and Trepat, Xavier},
  journal={Annual Review of Condensed Matter Physics},
  volume={11},
  pages={77--101},
  year={2020},
  publisher={Annual Reviews}
}
@article{yue2018minimal,
  title={Minimal network topologies for signal processing during collective cell chemotaxis},
  author={Yue, Haicen and Camley, Brian A and Rappel, Wouter-Jan},
  journal={Biophysical journal},
  volume={114},
  number={12},
  pages={2986--2999},
  year={2018},
  publisher={Elsevier}
}
@article{yokota_dimensional_2011,
	title={Dimensional crossover in the coalescence dynamics of viscous drops confined in between two plates},
  author={Yokota, Maria and Okumura, Ko},
  journal={Proceedings of the National Academy of Sciences},
  volume={108},
  number={16},
  pages={6395--6398},
  year={2011},
  publisher={National Acad Sciences}
}


@article{frenkel1945viscous,
   title={Viscous flow of crystalline bodies under the action of surface tension},
  author={Frenkel, JJ},
  journal={J. phys.},
  volume={9},
  pages={385},
  year={1945}
}



@book{evansStatisticalMechanicsNonequilibrium2007,
	title={Statistical mechanics of nonequilbrium liquids},
  author={J Evans, Denis and P Morriss, Gary},
  year={2007},
  publisher={ANU Press}
}

@article{zhu2022recent,
  title={Recent advancement in the development of new dispersants as oil spill treating agents},
  author={Zhu, Zhiwen and Song, Xing and Cao, Yiqi and Chen, Bing and Lee, Kenneth and Zhang, Baiyu},
  journal={Current Opinion in Chemical Engineering},
  volume={36},
  pages={100770},
  year={2022},
  publisher={Elsevier}
}

%% for the Methods part

@article{andersonHOOMDbluePythonPackage2020,
  title={HOOMD-blue: A Python package for high-performance molecular dynamics and hard particle Monte Carlo simulations},
  author={Anderson, Joshua A and Glaser, Jens and Glotzer, Sharon C},
  journal={Computational Materials Science},
  volume={173},
  pages={109363},
  year={2020},
  publisher={Elsevier}
}

@article{bruningGlassTransitionsOne2008,
   title={Glass transitions in one-, two-, three-, and four-dimensional binary Lennard-Jones systems},
  author={Br{\"u}ning, Ralf and St-Onge, Denis A and Patterson, Steve and Kob, Walter},
  journal={Journal of Physics: Condensed Matter},
  volume={21},
  number={3},
  pages={035117},
  year={2008},
  publisher={IOP Publishing}
}

@article{burtonTwodimensionalInviscidPinchoff2007,
  title={Two-dimensional inviscid pinch-off: An example of self-similarity of the second kind},
  author={Burton, JC and Taborek, P},
  journal={Physics of Fluids},
  volume={19},
  number={10},
  pages={102109},
  year={2007},
  publisher={American Institute of Physics}
}




@article{nieApplicationAdaptiveQuadrature1998,
  title={Application of adaptive quadrature to axi-symmetric vortex sheet motion},
  author={Nie, Qing and Baker, Greg},
  journal={Journal of computational physics},
  volume={143},
  number={1},
  pages={49--69},
  year={1998},
  publisher={Elsevier}
}



@book{pozrikidis2011introduction,
  title={Introduction to theoretical and computational fluid dynamics},
  author={Pozrikidis, Constantine},
  year={2011},
  publisher={Oxford university press}
}

@article{sandnes2011patterns,
  title={Patterns and flow in frictional fluid dynamics},
  author={Sandnes, Bjornar and Flekk{\o}y, EG and Knudsen, HA and M{\aa}l{\o}y, KJ and See, H},
  journal={Nature communications},
  volume={2},
  number={1},
  pages={1--8},
  year={2011},
  publisher={Nature Publishing Group}
}

@book{press2007numerical,
  title={Numerical recipes 3rd edition: The art of scientific computing},
  author={Press, William H and Teukolsky, Saul A and Vetterling, William T and Flannery, Brian P},
  year={2007},
  publisher={Cambridge university press}
}
@Misc{basilisk,
author = {Popinet, St{\'e}phane and collaborators},
title = {Basilisk},
howpublished = {\url{http://basilisk.fr}},
year = {2013--2020}
}
@article{towns2014xsede,
  title={XSEDE: accelerating scientific discovery},
  author={Towns, John and Cockerill, Timothy and Dahan, Maytal and Foster, Ian and Gaither, Kelly and Grimshaw, Andrew and Hazlewood, Victor and Lathrop, Scott and Lifka, Dave and Peterson, Gregory D and others},
  journal={Computing in science \& engineering},
  volume={16},
  number={5},
  pages={62--74},
  year={2014},
  publisher={IEEE}
}
@book{milo2015cell,
  title={Cell biology by the numbers},
  author={Milo, Ron and Phillips, Rob},
  year={2015},
  publisher={Garland Science}
}

@article{tateno2019numerical,
  title={Numerical prediction of colloidal phase separation by direct computation of Navier--Stokes equation},
  author={Tateno, Michio and Tanaka, Hajime},
  journal={npj Computational Materials},
  volume={5},
  number={1},
  pages={1--9},
  year={2019},
  publisher={Nature Publishing Group}
}

@article{varma2020universality,
  title={Universality in coalescence of polymeric fluids},
  author={Varma, Sarath Chandra and Saha, Aniruddha and Mukherjee, Siddhartha and Bandopadhyay, Aditya and Kumar, Aloke and Chakraborty, Suman},
  journal={Soft Matter},
  volume={16},
  number={48},
  pages={10921--10927},
  year={2020},
  publisher={Royal Society of Chemistry}
}

@article{brangwynne2011active,
  title={Active liquid-like behavior of nucleoli determines their size and shape in Xenopus laevis oocytes},
  author={Brangwynne, Clifford P and Mitchison, Timothy J and Hyman, Anthony A},
  journal={Proceedings of the National Academy of Sciences},
  volume={108},
  number={11},
  pages={4334--4339},
  year={2011},
  publisher={National Acad Sciences}
}

@incollection{espanol2004statistical,
  title={Statistical mechanics of coarse-graining},
  author={Espanol, Pep},
  booktitle={Novel methods in soft matter simulations},
  pages={69--115},
  year={2004},
  publisher={Springer}
}

@book{snook2006langevin,
  title={The Langevin and generalised Langevin approach to the dynamics of atomic, polymeric and colloidal systems},
  author={Snook, Ian},
  year={2006},
  publisher={Elsevier}
}

@article{hauge1973fluctuating,
  title={Fluctuating hydrodynamics and Brownian motion},
  author={Hauge, EH and Martin-L{\"o}f, A},
  journal={Journal of Statistical Physics},
  volume={7},
  pages={259--281},
  year={1973},
  publisher={Springer}
}
@article{selmeczi2008cell,
  title={Cell motility as random motion: A review: Cell motility as random motion},
  author={Selmeczi, David and Li, Liwen and Pedersen, Lykke II and Nrrelykke, SF and Hagedorn, Peter H and Mosler, Stephan and Larsen, Niels B and Cox, Edward C and Flyvbjerg, Henrik},
  journal={The European Physical Journal Special Topics},
  volume={157},
  pages={1--15},
  year={2008},
  publisher={Springer}
}
@article{dunn1987unified,
  title={A unified approach to analysing cell motility},
  author={Dunn, GA and Brown, AF},
  journal={Journal of Cell Science},
  volume={1987},
  number={Supplement\_8},
  pages={81--102},
  year={1987},
  publisher={Company of Biologists}
}

@article{stokes1991migration,
  title={Migration of individual microvessel endothelial cells: stochastic model and parameter measurement},
  author={Stokes, Cynthia L and Lauffenburger, Douglas A and Williams, Stuart K},
  journal={Journal of cell science},
  volume={99},
  number={2},
  pages={419--430},
  year={1991},
  publisher={Company of Biologists The Company of Biologists, Bidder Building, 140 Cowley~â€¦}
}

@article{lowen1991brownian,
  title={Brownian dynamics and kinetic glass transition in colloidal suspensions},
  author={L{\"o}wen, Hartmut and Hansen, Jean-Pierre and Roux, Jean-No{\"e}l},
  journal={Physical Review A},
  volume={44},
  number={2},
  pages={1169},
  year={1991},
  publisher={APS}
}

@article{flenner2015fundamental,
  title={Fundamental differences between glassy dynamics in two and three dimensions},
  author={Flenner, Elijah and Szamel, Grzegorz},
  journal={Nature communications},
  volume={6},
  number={1},
  pages={7392},
  year={2015},
  publisher={Nature Publishing Group UK London}
}
@article{foss2000brownian,
  title={Brownian dynamics simulation of hard-sphere colloidal dispersions},
  author={Foss, David R and Brady, John F},
  journal={Journal of Rheology},
  volume={44},
  number={3},
  pages={629--651},
  year={2000},
  publisher={The Society of Rheology}
}

@article{treffenstadt2020memory,
  title={Memory-induced motion reversal in Brownian liquids},
  author={Treffenst{\"a}dt, Lucas L and Schmidt, Matthias},
  journal={Soft Matter},
  volume={16},
  number={6},
  pages={1518--1526},
  year={2020},
  publisher={Royal Society of Chemistry}
}

@article{chavez2008diffusion,
  title={Diffusion of colloidal fluids in random porous media},
  author={Ch{\'a}vez-Rojo, Marco Antonio and Ju{\'a}rez-Maldonado, Rigoberto and Medina-Noyola, Magdaleno},
  journal={Physical Review E},
  volume={77},
  number={4},
  pages={040401(R)},
  year={2008},
  publisher={APS}
}

@article{camley2017physical,
  title={Physical models of collective cell motility: from cell to tissue},
  author={Camley, Brian A and Rappel, Wouter-Jan},
  journal={Journal of physics D: Applied physics},
  volume={50},
  number={11},
  pages={113002},
  year={2017},
  publisher={IOP Publishing}
}

@article{marchetti2013hydrodynamics,
  title={Hydrodynamics of soft active matter},
  author={Marchetti, M Cristina and Joanny, Jean-Fran{\c{c}}ois and Ramaswamy, Sriram and Liverpool, Tanniemola B and Prost, Jacques and Rao, Madan and Simha, R Aditi},
  journal={Reviews of modern physics},
  volume={85},
  number={3},
  pages={1143},
  year={2013},
  publisher={APS}
}

@article{doostmohammadi2016stabilization,
  title={Stabilization of active matter by flow-vortex lattices and defect ordering},
  author={Doostmohammadi, Amin and Adamer, Michael F and Thampi, Sumesh P and Yeomans, Julia M},
  journal={Nature communications},
  volume={7},
  number={1},
  pages={10557},
  year={2016},
  publisher={Nature Publishing Group UK London}
}

@article{wensink2012meso,
  title={Meso-scale turbulence in living fluids},
  author={Wensink, Henricus H and Dunkel, J{\"o}rn and Heidenreich, Sebastian and Drescher, Knut and Goldstein, Raymond E and L{\"o}wen, Hartmut and Yeomans, Julia M},
  journal={Proceedings of the national academy of sciences},
  volume={109},
  number={36},
  pages={14308--14313},
  year={2012},
  publisher={National Acad Sciences}
}

@article{orts2020dynamics,
  title={Dynamics and friction of a large colloidal particle in a bath of hard spheres: Langevin dynamics simulations and hydrodynamic description},
  author={Orts, Francisco and Ortega, Gloria and Garz{\'o}n, Ester M and Fuchs, Matthias and Puertas, Antonio M},
  journal={Physical Review E},
  volume={101},
  number={5},
  pages={052607},
  year={2020},
  publisher={APS}
}

@article{hakim2017collective,
  title={Collective cell migration: a physics perspective},
  author={Hakim, Vincent and Silberzan, Pascal},
  journal={Reports on Progress in Physics},
  volume={80},
  number={7},
  pages={076601},
  year={2017},
  publisher={IOP Publishing}
}

@article{xia2019universality,
  title={Universality in the viscous-to-inertial coalescence of liquid droplets},
  author={Xia, Xi and He, Chengming and Zhang, Peng},
  journal={Proceedings of the National Academy of Sciences},
  volume={116},
  number={47},
  pages={23467--23472},
  year={2019},
  publisher={National Acad Sciences}
}

@article{sussman2018anomalous,
  title={Anomalous glassy dynamics in simple models of dense biological tissue},
  author={Sussman, Daniel M and Paoluzzi, M and Marchetti, M Cristina and Manning, M Lisa},
  journal={Europhysics Letters},
  volume={121},
  number={3},
  pages={36001},
  year={2018},
  publisher={IOP Publishing}
}

@article{sussman2018soft,
  title={Soft yet sharp interfaces in a vertex model of confluent tissue},
  author={Sussman, Daniel M and Schwarz, J M and Marchetti, M Cristina and Manning, M Lisa},
  journal={Physical review letters},
  volume={120},
  number={5},
  pages={058001},
  year={2018},
  publisher={APS}
}

@article{skoge2014cellular,
  title={Cellular memory in eukaryotic chemotaxis},
  author={Skoge, Monica and Yue, Haicen and Erickstad, Michael and Bae, Albert and Levine, Herbert and Groisman, Alex and Loomis, William F and Rappel, Wouter-Jan},
  journal={Proceedings of the National Academy of Sciences},
  volume={111},
  number={40},
  pages={14448--14453},
  year={2014},
  publisher={National Acad Sciences}
}

@article{wu2014three,
  title={Three-dimensional cell migration does not follow a random walk},
  author={Wu, Pei-Hsun and Giri, Anjil and Sun, Sean X and Wirtz, Denis},
  journal={Proceedings of the National Academy of Sciences},
  volume={111},
  number={11},
  pages={3949--3954},
  year={2014},
  publisher={National Acad Sciences}
}

@article{nousi2021single,
  title={Single-cell tracking reveals super-spreading brain cancer cells with high persistence},
  author={Nousi, Aimilia and S{\o}gaard, Maria Tangen and Audoin, M{\'e}lanie and Jauffred, Liselotte},
  journal={Biochemistry and Biophysics Reports},
  volume={28},
  pages={101120},
  year={2021},
  publisher={Elsevier}
}

@article{ponisch2018pili,
  title={Pili mediated intercellular forces shape heterogeneous bacterial microcolonies prior to multicellular differentiation},
  author={P{\"o}nisch, Wolfram and Eckenrode, Kelly B and Alzurqa, Khaled and Nasrollahi, Hadi and Weber, Christoph and Zaburdaev, Vasily and Biais, Nicolas},
  journal={Scientific reports},
  volume={8},
  number={1},
  pages={1--10},
  year={2018},
  publisher={Springer}
}

@article{brun2013generic,
  title={Generic path for droplet relaxation in microfluidic channels},
  author={Brun, P-T and Nagel, Mathias and Gallaire, Fran{\c{c}}ois},
  journal={Physical Review E},
  volume={88},
  number={4},
  pages={043009},
  year={2013},
  publisher={APS}
}

@article{welker2018molecular,
  title={Molecular motors govern liquidlike ordering and fusion dynamics of bacterial colonies},
  author={Welker, Anton and Cronenberg, Tom and Z{\"o}llner, Robert and Meel, Claudia and Siewering, Katja and Bender, Niklas and Hennes, Marc and Oldewurtel, Enno R and Maier, Berenike},
  journal={Physical review letters},
  volume={121},
  number={11},
  pages={118102},
  year={2018},
  publisher={APS}
}

@article{bialke2015negative,
  title={Negative interfacial tension in phase-separated active Brownian particles},
  author={Bialk{\'e}, Julian and Siebert, Jonathan T and L{\"o}wen, Hartmut and Speck, Thomas},
  journal={Physical review letters},
  volume={115},
  number={9},
  pages={098301},
  year={2015},
  publisher={APS}
}

@article{lei2019hydrodynamics,
  title={Hydrodynamics of random-organizing hyperuniform fluids},
  author={Lei, Qun-Li and Ni, Ran},
  journal={Proceedings of the National Academy of Sciences},
  volume={116},
  number={46},
  pages={22983--22989},
  year={2019},
  publisher={National Acad Sciences}
}

@article{isermann2013nuclear,
  title={Nuclear mechanics and mechanotransduction in health and disease},
  author={Isermann, Philipp and Lammerding, Jan},
  journal={Current Biology},
  volume={23},
  number={24},
  pages={R1113--R1121},
  year={2013},
  publisher={Elsevier}
}

@article{friedl2011nuclear,
  title={Nuclear mechanics during cell migration},
  author={Friedl, Peter and Wolf, Katarina and Lammerding, Jan},
  journal={Current opinion in cell biology},
  volume={23},
  number={1},
  pages={55--64},
  year={2011},
  publisher={Elsevier}
}

@book{soto2016kinetic,
	title={Kinetic theory and transport phenomena},
	author={Soto, Rodrigo},
	volume={25},
	year={2016},
	publisher={Oxford University Press}
}

@book{dorfman2021contemporary,
	title={Contemporary kinetic theory of matter},
	author={Dorfman, Jay Robert and van Beijeren, Henk and Kirkpatrick, Theodore Ross},
	year={2021},
	publisher={Cambridge University Press}
}

@article{fei2020nonuniform,
  title={Nonuniform growth and surface friction determine bacterial biofilm morphology on soft substrates},
  author={Fei, Chenyi and Mao, Sheng and Yan, Jing and Alert, Ricard and Stone, Howard A and Bassler, Bonnie L and Wingreen, Ned S and Ko{\v{s}}mrlj, Andrej},
  journal={Proceedings of the National Academy of Sciences},
  volume={117},
  number={14},
  pages={7622--7632},
  year={2020},
  publisher={National Acad Sciences}
}

@article{asp2022spreading,
  title={Spreading rates of bacterial colonies depend on substrate stiffness and permeability},
  author={Asp, Merrill E and Ho Thanh, Minh-Tri and Germann, Danielle A and Carroll, Robert J and Franceski, Alana and Welch, Roy D and Gopinath, Arvind and Patteson, Alison E},
  journal={PNAS nexus},
  volume={1},
  number={1},
  pages={pgac025},
  year={2022},
  publisher={Oxford University Press}
}